3244 5060
708 329 749 395 51

122 509 214 573 hibet.
241 545 285 554 -
310 505 397 572 Infra
428 509 590 588 scriptura
625 507 730 572 Vatic.
765 507 872 600 ᾼέροκ
906 506 993 594 (cett.
1019 505 1138 592 Ἐλσὸκ)
1167 525 1245 571 vera
1273 525 1345 572 esse

121 615 255 691 videtur,
283 632 473 695 quanquam
496 614 597 679 verba
620 614 731 678 addita
753 615 809 697 τὴν
827 614 891 697 τιρό
910 613 1053 696 Μιλήτου
1071 620 1167 696 νῆσον
1186 613 1227 676 ad
1248 614 1346 678 situm

123 723 190 786 Leri
221 721 351 786 insulae
382 739 450 784 non
482 722 602 802 optime
635 721 847 796 conveniunt,
882 719 921 785 cf.
953 721 1132 800 interpreti.
1159 757 1195 778 .-
1222 717 1245 805 ξ
1268 719 1288 784 3
1311 720 1346 784 in
1413 751 1415 757 ·

122 829 222 892 Vatic.
258 827 451 892 adverbium
482 828 570 910 οἷπερ
602 829 753 909 genetivo
786 828 937 907 partitiva
965 833 1020 890 τοῦ
1047 827 1169 890 κόλπου
1201 843 1269 891 non
1298 827 1344 890 in-

121 934 251 999 tellecto
275 935 310 998 in
333 931 372 998 οὗ
395 933 475 1016 ὑπὲρ
498 941 683 1000 correctum
707 939 768 998 est.

209 1041 269 1120 27,
293 1040 313 1104 2
341 1041 376 1103 in
399 1040 507 1106 Vatia·
534 1043 616 1104 ἔσται
643 1041 678 1104 in
705 1041 821 1114 ἐξέσται
849 1041 1082 1122 interpretandi
1112 1057 1219 1104 causa
1242 1048 1345 1104 muta-

122 1153 186 1210 tum
215 1153 275 1223 est,
306 1148 390 1212 sicut
418 1166 517 1228 supra
544 1147 578 1210 in
602 1145 755 1211 omnibus
777 1148 891 1220 ἔξεστιν
913 1147 1060 1212 additum
1083 1148 1231 1228 legimus.
1281 1146 1345 1210 Pro

121 1256 451 1336 παρασκευασαμέναις
478 1256 513 1318 in
536 1254 641 1318 Vatic.
668 1259 718 1318 est
744 1255 1067 1336 παρεσκευασμένοις,
1096 1253 1183 1336 quod
1213 1259 1346 1333 propter

122 1360 220 1424 verba
238 1361 424 1441 anteposita
441 1361 520 1424 καθ’
540 1362 671 1443 ἡσυχίαν
690 1360 799 1423 minus
819 1360 982 1435 convenil,
1000 1358 1058 1424 cfr.
1080 1361 1191 1424 adnot.
1210 1358 1343 1433 Stahlii3

123 1469 175 1547 qui
206 1473 318 1532 tamen
341 1473 473 1532 rectene
497 1467 720 1532 coniecturam
744 1465 895 1543 Dobreei‚
931 1465 1061 1532 facilem
1085 1467 1174 1531 illam
1198 1466 1342 1547 quidem,

123 1597 224 1643 -νσυς
241 1574 403 1653 receperit
416 1573 546 1650 dubit0;
572 1574 700 1638 dativus
719 1574 805 1637 enim
825 1582 900 1654 post
918 1579 1063 1638 accusat.
1081 1573 1201 1643 εἰδότας
1218 1573 1346 1653 positus

123 1688 153 1743 et
174 1681 286 1744 multis
310 1679 419 1756 verbis
441 1680 620 1744 interiectis
643 1687 675 1744 et
698 1697 738 1744 ea
765 1698 811 1755 re,
843 1681 931 1761 quod
959 1681 1107 1761 proxime
1135 1679 1350 1760 subsequitur

123 1787 256 1850 verbum
279 1788 370 1860 ἔσται,
400 1791 585 1850 excusatur.
612 1821 654 1832 -
679 1786 757 1850 Post
780 1787 996 1868 ἀγωνίσασθαι
1019 1787 1107 1852 idem
1130 1785 1221 1850 solu's
1244 1785 1347 1850 verba

123 1893 191 1956 ὅποι
221 1917 254 1956 τε
284 1893 451 1975 βούλονται
482 1893 586 1970 addit,
623 1910 707 1973 quae
741 1899 773 1957 et
805 1901 937 1974 propter
969 1893 1041 1958 όττοι
1076 1890 1169 1976 (ὅπου
1203 1891 1347 1956 coniecit

124 1996 245 2085 Poppo)
270 2005 303 2064 et
326 1998 369 2062 ob
392 2000 505 2078 partic.
531 2023 562 2063 τε
585 1997 659 2064 ferri
684 2006 867 2080 nequeunt;
899 1998 1043 2064 Stahlius
1072 1999 1184 2062 ὁπότε
1211 1998 1343 2081 βούλον-

122 2129 166 2167 ται
189 2105 330 2184 scripsit,
356 2113 388 2169 et
411 2106 458 2170 sic
482 2107 602 2186 scripta
625 2103 763 2170 fortasse
786 2106 828 2168 ad
852 2105 952 2170 verba
976 2108 1009 2170 tv
1031 2107 1153 2188 ὑστέρῳ
1179 2104 1344 2184 adscripta

124 2209 219 2276 luisse
234 2217 389 2290 possunt;
415 2213 525 2292 spuria
540 2213 627 2280 enim
647 2230 687 2276 ea
705 2230 778 2276 esse
798 2212 1018 2276 collocatione
1035 2213 1108 2291 ipsa
1125 2211 1346 2276 verisimilius

122 2315 162 2379 tit.
180 2315 261 2403 -ξ
285 2316 306 2381 3
331 2317 499 2383 Dobreeus
523 2319 639 2384 melius
663 2320 702 2382 ἂν
725 2324 800 2399 post
821 2319 877 2402 τὴν
894 2319 984 2382 πόλιν
1004 2317 1143 2394 addidit;
1169 2324 1246 2382 cett.
1267 2317 1342 2382 edd.

121 2424 171 2486 καὶ
195 2425 254 2506 (τῷ
281 2423 364 2507 μογ.)
393 2424 427 2488 in
454 2427 515 2489 κᾶν
547 2433 769 2500 correxerunt,
806 2425 894 2506 quod
927 2429 1059 2504 propter
1092 2423 1345 2489 collocationem

121 2530 298 2608 particulae
322 2532 361 2594 ἂν
384 2531 425 2594 ad
448 2538 622 2613 utrumque
646 2532 792 2596 dativum
814 2531 1007 2612 pertinentis
1030 2531 1138 2594 minus
1162 2530 1279 2610 placet.
1302 2567 1345 2578 --

121 2634 205 2700 Infra
237 2637 332 2700 Laur.
368 2655 473 2717 paene
505 2638 596 2702 solus
627 2638 728 2704 verba
761 2639 849 2702 καθ’
884 2639 1061 2702 ἑκουσίαν
1094 2638 1222 2714 omittit,
1259 2655 1345 2718 quae

121 2745 229 2823 spuria
252 2761 327 2808 esse
349 2743 509 2808 videntur.
559 2743 776 2826 Opponuntur
799 2746 927 2809 scilicet
948 2744 1033 2808 inter
1056 2762 1092 2808 se
1114 2743 1192 2826 μετὰ
1214 2745 1344 2826 βεβαίου

121 2857 321 2933 παρασκευῆς
344 2856 374 2914 et
398 2853 418 2933 ἢ
444 2848 545 2936 (quod
567 2852 654 2916 idem
678 2860 776 2932 atque
799 2852 828 2914 εἰ
851 2853 885 2916 δὲ
907 2851 952 2933 μὴ
977 2851 1073 2927 valet,
1100 2848 1141 2914 cf.
1159 2849 1275 2930 Krueg.
1302 2851 1344 2914 ad

121 2955 142 3029 1,
168 2957 219 3032 78,
245 2957 267 3020 4
293 2953 349 3042 (3),
375 2956 432 3020 ubi
462 2957 607 3022 Stahlius
635 2958 829 3022 auctoritate
864 2957 1072 3022 Laurentiani
1104 2961 1214 3037 spreta
1245 2956 1342 3021 inter-

121 3069 355 3140 pretamentum
380 3065 409 3127 εἰ
429 3064 463 3128 δὲ
485 3065 530 3148 μὴ
554 3066 589 3128 in
620 3070 694 3128 cett.
726 3063 822 3128 codd.
860 3064 1069 3128 substitutum
1103 3063 1242 3127 retinere
1276 3080 1343 3126 non

121 3166 263 3255 debuit¹)
287 3171 371 3233 πάνυ
395 3194 429 3252 γε
451 3171 583 3254 ἀνάγκη,
607 3190 673 3252 qua
691 3172 848 3236 antithesi
871 3189 938 3235 non
960 3169 1126 3234 intellecta
1148 3168 1226 3232 καθ’
1251 3168 1342 3232 ἐκσα-

121 3277 185 3338 σίαυ
217 3277 363 3341 additum
397 3283 456 3354 est,
492 3278 580 3357 quod
613 3279 777 3342 adiectivo'
807 3280 945 3360 προτέρᾳ
978 3281 1135 3356 sequente
1163 3275 1260 3355 plane
1289 3294 1341 3338 su-

122 3399 358 3459 pervacaneum
391 3390 450 3448 est.
499 3383 669 3449 Dobreeus
702 3384 809 3448 verbis
842 3383 920 3446 καθ’
951 3383 1097 3446 ἑκουσίαν
1124 3382 1253 3446 omissis
1277 3382 1343 3445 καὶ

121 3489 267 3570 κάταγε
299 3490 420 3573 ἀνάγκη
453 3491 552 3554 scribi
584 3491 704 3565 voluit;
740 3489 798 3552 sed
825 3489 903 3552 talia
930 3488 1043 3554 dicens
1067 3489 1272 3570 Phrynichus
1300 3488 1346 3554 de

122 3597 264 3671 potentia
295 3595 544 3662 Atheniensium
582 3597 718 3660 nimium
755 3595 935 3661 detraxisse
971 3596 1109 3670 videtur,
1149 3611 1256 3675 neque
1294 3596 1342 3660 sic

124 3755 332 3766 ——.---.-

208 3861 217 3889 ¹
236 3860 299 3928 Qua
316 3859 501 3929 particulaeh
525 3861 551 3914 vi
574 3877 672 3930 parum
695 3859 834 3913 intellecta
855 3859 945 3913 locum
969 3857 1145 3912 sanissimum
1171 3858 1343 3928 [Xenophon-

120 3947 162 4016 tis]
180 3949 214 4003 de
234 3966 290 4018 rep.
310 3951 408 4004 Athen.
428 3939 468 4013 ll,¹
480 3951 513 4004 12
533 3949 593 4006 edd.
613 3949 735 4004 certatim
755 3947 912 4016 corrigendo
936 3951 1145 4016 temptaverunt,
1171 3947 1248 4002 cuius
1273 3948 1342 4002 haec

120 4039 255 4092 sententia
281 4043 334 4093 est:
365 4042 485 4102 accedit,
513 4041 589 4108 quod
611 4037 806 4106 (Athenienses
831 4041 937 4090 ceteras
960 4036 1094 4104 civitates)
1118 4039 1158 4090 ad
1177 4040 1263 4100 otios,
1283 4041 1342 4104 qai·

121 4143 237 4196 rumque
256 4130 340 4182 nobis
359 4131 530 4183 aduersarii
548 4131 625 4191 sunt,
640 4129 801 4196 importare
815 4142 874 4180 non
887 4129 983 4182 sinent
988 4145 999 4191 ;
1018 4141 1088 4180 nunt
1101 4125 1167 4196 (nisi
1179 4141 1235 4180 non
1249 4125 1340 4178 sinent

120 4215 135 4267 i.
154 4219 188 4282 e.)
208 4221 236 4272 si
254 4221 360 4281 sinent,
381 4221 502 4287 imperio
522 4221 615 4270 maris
641 4231 698 4270 non
722 4217 844 4270 utentur.
887 4215 927 4268 De
951 4214 1141 4270 coniunctione
1164 4215 1226 4268 adv.
1250 4213 1342 4266 ἄλλοσε

122 4309 146 4358 et
163 4308 238 4360 relat.
259 4307 350 4364 οἵτινες
369 4307 415 4360 cfr.
435 4306 554 4374 Thucyd.
575 4306 604 4372 V,
625 4303 666 4368 18,
687 4305 702 4356 7
723 4303 827 4370 (ἄλλοθί
842 4323 902 4366 που,
923 4301 954 4371 ἧς
970 4303 1099 4370 Ἀθηναῖοι
1114 4302 1258 4370 ἄρχουσιν),
1272 4301 1340 4356 Plat.
1372 4339 1374 4344 ·

122 4394 200 4449 Lach.
212 4395 263 4450 181
276 4411 302 4449 e:
323 4393 414 4447 citi-oda
427 4434 432 4446 .
445 4434 450 4445 .
461 4393 489 4446 ἓν
501 4393 548 4458 οἷς,
567 4393 647 4447 Isocr.
658 4391 712 4458 Vll,
724 4391 769 4445 39:
789 4391 902 4444 ἐνταῦθα
914 4397 919 4443 2
934 4391 1009 4458 ,παρ’
1022 4391 1073 4453 οἶς,·
1094 4390 1340 4445 neellamitem.

122 4483 155 4536 ad
183 4486 246 4540 Sen.
272 4485 306 4539 de
329 4483 419 4537 benef.
442 4483 498 4552 Vll,
520 4483 538 4535 3
562 4485 597 4552 (p.
621 4482 695 4549 255),
720 4480 809 4534 lladv.
833 4497 868 4548 gr.
893 4479 966 4540 Lah2
993 4481 1010 4549 ξ
1033 4479 1085 4532 317
1110 4479 1173 4532 adn.
1194 4479 1220 4548 2,
1243 4477 1340 4548 Krueg.

122 4587 231 4639 gramm.
250 4574 269 4642 ᾗ
288 4573 332 4641 66,
351 4573 368 4624 3
387 4571 448 4626 adn.
468 4573 492 4624 2.

1095 4671 1128 4724 4·
