3244 5060
738 333 780 399 25

238 513 298 593 41,
323 513 579 578 emulatione.
605 513 667 576 ὑπὸ
696 531 754 592 pro
782 513 861 595 ὑπὲρ
890 512 969 598 (non
993 533 1052 594 pro
1075 514 1147 587 ἀπὸ,
1180 521 1215 578 ut
1247 516 1370 580 indicat

150 619 266 705 Stahl.)
296 620 439 700 praebet.
468 655 507 664 κ
531 618 596 704 §4
624 619 657 681 in
686 619 780 681 haur.
811 625 843 682 et
871 627 946 684 cett.
977 619 1048 690 τοὺς
1075 621 1134 702 μὲν
1156 621 1289 692 πολλοὺς
1314 620 1367 707 (cf.

149 728 200 804 lV,
236 726 310 802 113,
343 723 375 812 2)
409 728 624 809 ζωγρήσαντες
656 726 817 801 scribitur,
854 745 915 790 nec
939 745 1005 806 quo
1029 727 1129 790 modo
1153 728 1216 791 hoc
1239 735 1371 808 proptor

148 834 264 903 πολλὰς
287 833 376 913 quod
399 833 562 912 praecedit
585 833 726 912 irrepere
750 834 890 911 potuerit
918 834 997 896 satis
1020 834 1228 912 perspicitur;
1260 836 1369 915 itaque

148 942 181 1003 in
196 942 373 1021 archetypo
391 939 491 1003 Vatic.
508 945 675 1019 tamquam
695 956 975 1018 supervacaneum
996 940 1139 1003 deletum
1154 959 1226 1004 esse
1242 942 1367 1021 opinor.

148 1085 188 1093 -
216 1047 334 1110 Partic.
360 1046 414 1108 καὶ
433 1053 508 1109 ante
526 1045 606 1108 πολὺ
625 1046 787 1127 κρείσσους
805 1045 839 1106 in
858 1046 952 1108 Laur.
970 1046 1143 1110 intercidit.
1192 1047 1371 1110 infinitivus

150 1155 261 1226 δοκεῖν,
286 1171 385 1233 quem
408 1171 467 1232 pro
491 1152 625 1216 ἐδόκουν
648 1149 777 1215 exhibet
802 1152 918 1228 Vatic,
955 1171 1030 1215 cum
1059 1153 1159 1217 verba
1185 1154 1241 1236 τὴν
1263 1154 1370 1216 ἐλπίδα

149 1299 188 1306 ·—
215 1260 299 1342 εἶχον
321 1297 365 1304 -
389 1259 493 1322 δοκεῖν
516 1257 752 1322 abundantiam
776 1257 1039 1322 molestissimam
1063 1260 1216 1336 habeant,
1243 1259 1372 1324 defendi

150 1384 216 1430 non
245 1371 365 1446 potest;
401 1365 442 1429 ad
479 1365 715 1437 transitionem,
756 1383 840 1445 quae
864 1367 905 1428 ad
929 1366 1065 1429 verbum
1089 1367 1214 1430 finitum
1238 1367 1372 1429 ἐδόκουν

149 1473 235 1538 facta
259 1479 319 1548 est,
345 1473 578 1536 removendam
601 1489 621 1534 a
644 1477 830 1534 correctore
849 1457 1047 1535 'substitutus
1072 1491 1145 1537 esse
1168 1474 1305 1537 videtur.

241 1579 301 1659 42,
327 1579 343 1641 1
369 1578 560 1641 adverbium
582 1579 713 1660 μάλιστα
737 1579 810 1642 ideo
834 1578 992 1658 inVatic.
1016 1579 1173 1642 omissum
1194 1598 1266 1644 esse
1285 1579 1370 1643 vidc-

148 1694 211 1760 tur‚
250 1687 328 1766 quia
360 1704 497 1749 numero
531 1685 663 1747 navium
696 1691 849 1748 accurate
881 1685 1024 1748 indicato
1053 1705 1167 1766 parum
1196 1686 1372 1750 convenire

148 1794 341 1874 putabatur3
379 1798 523 1855 ceterum
547 1792 660 1855 dubito
685 1810 727 1854 an
752 1793 814 1854 hoc
839 1792 970 1871 quidem
994 1792 1068 1855 loco
1093 1799 1181 1856 recle
1205 1793 1372 1856 Bctantius

149 1902 223 1964 adv.
246 1901 377 1982 μάλιστα
398 1899 506 1962 addito
523 1895 634 1980 z'psum
655 1915 828 1961 numerum
843 1897 1014 1978 significari
1029 1899 1187 1975 statuerit,
1206 1898 1373 1962 ettamen

150 2007 205 2078 34.
233 2005 269 2070 5:
296 2007 371 2069 ἑπτά
394 2029 477 2075 τινες.
497 2043 532 2051 -
551 2005 587 2067 ln
605 2003 825 2090 §tetuinus
849 2005 961 2083 partic.
982 2029 1021 2077 τε,
1046 2023 1145 2084 quam
1163 2013 1236 2084 post
1255 2006 1375 2068 ἁπλοῦν

151 2115 255 2177 Vatic.
288 2113 378 2176 solus
407 2112 534 2186 omittit,
566 2131 642 2175 cum
670 2112 702 2174 in
731 2113 833 2174 altero
862 2111 1009 2175 membro
1032 2113 1109 2174 αὐτὸ
1136 2109 1250 2196 [Vatic.
1276 2111 1371 2192 αὐτῷ]

149 2221 300 2295 addatur,
327 2218 443 2282 melius
467 2219 583 2282 abesse
607 2218 695 2292 dicit,
723 2235 783 2281 nec
807 2217 936 2293 iniuria;
964 2219 1021 2282 sed
1045 2219 1127 2281 haec
1151 2217 1221 2297 ipsa
1245 2235 1372 2280 correc-

149 2328 213 2391 tori
236 2325 415 2407 particulae
440 2324 598 2389 delendae
618 2342 719 2388 causa
739 2343 810 2388 esse
831 2325 945 2404 potuit,
968 2323 1007 2388 of.
1031 2325 1072 2386 ad
1087 2343 1115 2387 c.
1134 2323 1187 2400 36,
1205 2324 1236 2386 2,
1284 2324 1373 2388 ldem

149 2434 272 2497 rectius
310 2432 475 2512 vulgatum
512 2432 673 2514 κρατήσετέ
710 2431 888 2509 scripturae
923 2430 1026 2494 Vatic.
1064 2428 1108 2514 (et
1140 2428 1257 2515 Palat.)
1294 2429 1373 2514 [μὴ]

150 2540 363 2622 ἐπικρατήσετε
390 2537 549 2617 praetulit,
580 2535 636 2600 cfr.
668 2537 778 2600 adnot.
808 2537 935 2616 ipsius'
974 2537 1057 2601 Ante
1081 2537 1259 2600 Ἐπιπολῶν
1289 2543 1370 2616 part.

150 2671 182 2709 τε
209 2646 295 2709 male
324 2645 440 2708 omittit
470 2645 581 2720 baur.;
612 2650 655 2720 at
674 2662 822 2723 pronom.
849 2645 886 2716 ot,
911 2645 999 2724 quod
1023 2644 1127 2707 Vatic.
1155 2662 1259 2723 paene
1284 2645 1373 2707 solus

152 2761 227 2816 ante
251 2752 489 2833 ξυντομωτάτην
512 2751 601 2813 addit
625 2747 703 2835 (non
727 2751 804 2813 item
829 2751 900 2813 Vat.
928 2749 998 2836 γρ),
1030 2750 1182 2814 libentius
1205 2767 1370 2825 caremus

152 2877 351 2940 quamquam
375 2863 449 2936 post
471 2858 524 2920 καὶ
547 2857 626 2919 satis
650 2854 743 2920 facile
762 2857 956 2921 intercidere
976 2863 1111 2937 poterat.
1135 2895 1175 2901 -
1195 2854 1251 2941 §5
1268 2856 1370 2920 Vatic.

152 2971 239 3029 reete
267 2964 432 3046 τρίψεσθαι
461 2963 603 3043 praebet.
653 2962 746 3041 Quod
774 2963 860 3026 idem
888 2969 961 3044 po'si
986 2964 1172 3046 Ἀθηναίους
1198 2987 1230 3026 τε
1256 2963 1370 3043 partic.

154 3073 205 3134 καὶ
232 3071 354 3144 inserit,
386 3072 449 3133 hcc
477 3071 551 3134 ideo
580 3059 702 3132 fa'ctum
731 3087 803 3133 esse
832 3071 1024 3150 putaverim,
1060 3069 1148 3150 quod
1176 3069 1276 3132 verba
1303 3068 1375 3139 τοὺς

155 3178 454 3260 ξυστρατευομένους
477 3177 517 3239 de
536 3177 633 3238 sociis
648 3175 894 3239 Atheniensium
914 3177 1000 3240 dicta
1019 3177 1259 3256 acciperentur;
1286 3174 1373 3254 quod

156 3303 209 3363 per
227 3284 329 3348 verba
347 3301 438 3363 seqq.
455 3283 508 3345 καὶ
526 3282 581 3364 τὴν
599 3283 766 3364 ξύμπασαν
783 3283 872 3345 πόλιν
891 3282 959 3345 lieri
980 3301 1046 3345 non
1062 3283 1160 3346 licere
1174 3283 1207 3368 in
1223 3287 1373 3361 promptu

157 3399 212 3454 est.
245 3429 279 3436 --
308 3391 342 3452 ln
366 3387 388 3474 ξ
411 3389 431 3452 6
455 3389 496 3452 ad
520 3387 644 3468 imperf.
671 3389 861 3469 ἐπεκράτουν
885 3390 972 3469 quod
1001 3390 1148 3469 sequitur
1177 3389 1373 3452 convenien-

155 3498 216 3560 tius
244 3499 379 3578 ἔτεμνον
407 3495 527 3577 (ἔτεμον
555 3491 645 3578 cett.)
675 3495 804 3559 exhibet
832 3496 939 3572 Laur„
965 3497 999 3559 in
1024 3515 1089 3576 quo
1112 3503 1158 3577 τῷ
1179 3497 1267 3577 πεζῷ
1290 3500 1371 3575 part.

155 3629 184 3666 τε
206 3604 329 3667 omissa
351 3602 436 3664 male
460 3601 620 3664 scribitur.

243 3709 304 3788 43,
331 3710 346 3771 1
374 3709 475 3771 Vatic.
502 3708 610 3786 inepte
633 3731 664 3769 τε
687 3713 762 3787 post
784 3707 847 3770 ἀπὸ
872 3707 939 3790 (τοῦ
961 3709 1091 3791 τείχους)
1105 3689 1239 3772 ¹inserit.
1289 3705 1375 3772 lnfra

157 3819 241 3881 haud
273 3816 370 3879 dubie
403 3814 609 3896 Thucydides
642 3813 692 3883 ὡς
723 3815 849 3887 ἐπενόει,
882 3817 944 3879 καὶ
974 3816 1029 3898 τὴν
1062 3816 1084 3878 ε’.
1116 3839 1139 3876 τ.
1169 3814 1212 3876 Ἐ.
1245 3815 1374 3877 ἐποιεῖτο

158 3924 298 4003 scripsit;
324 3921 381 3984 sed
406 3939 481 3983 cum
505 3920 675 4000 singularis
699 3921 877 3999 particulae
901 3923 954 3985 καὶ
978 3923 1036 3998 via,
1067 3921 1107 3984 de
1136 3939 1202 4002 qua
1230 3919 1270 3983 cf.
1297 3920 1371 3983 adn.

158 4029 310 4110 Kruegeri
333 4028 373 4091 ad
397 4027 434 4102 ll,
460 4025 513 4102 93,
539 4027 560 4088 4
585 4023 644 4111 (3),
670 4043 785 4106 parum
807 4027 973 4093 intellecta
997 4034 1093 4105 esset,
1114 4029 1149 4091 in
1170 4029 1251 4092 duas
1267 4033 1375 4106 partes

158 4141 341 4200 correctum
368 4139 427 4209 cst,
458 4139 494 4196 ut
521 4139 578 4196 aut
604 4134 650 4202 ὡς
680 4129 786 4216 (haur.
813 4139 845 4197 et
868 4134 973 4199 Vatic.
1000 4132 1058 4219 γρ.)
1088 4141 1145 4197 aut
1172 4133 1225 4197 καὶ
1255 4131 1371 4218 (Vatic.

159 4238 257 4326 cont.)
284 4240 454 4304 deleretur.
482 4277 521 4284 —-
546 4237 569 4324 ξ
592 4239 611 4301 2
635 4239 755 4302 rectius
785 4240 888 4302 Vatic.
921 4239 1007 4326 (cum
1036 4238 1091 4325 tl.)
1121 4241 1258 4304 ἀδύνατα
1284 4237 1372 4322 (cett.

158 4345 321 4433 ἀδύνατον)
351 4348 498 4426 praebct;
532 4347 566 4408 in
594 4345 711 4409 codem
737 4345 822 4410 infra
851 4346 936 4410 male
959 4347 1159 4428 τοξευμάτων
1182 4345 1234 4409 καὶ
1257 4345 1318 4406 κτλ.
1343 4350 1376 4407 et

157 4453 209 4534 τὴν
230 4455 360 4535 πρώτην
383 4453 524 4534 στρατιὰν
547 4453 706 4516 scribitur.
755 4450 881 4532 Imperi.
907 4454 1082 4516 ὑπελείπετο
1103 4448 1233 4536 (Vatic.)
1259 4449 1375 4514 melius

158 4577 254 4638 quam
279 4558 418 4639 plusqpf.
444 4560 639 4622 ὑπεδέδεκτο
664 4557 785 4644 (Laur.)
812 4559 862 4621 hic
887 4559 1062 4621 convenire
1085 4558 1222 4632 videtur,
1249 4563 1281 4620 et
1304 4573 1374 4620 sae·
