3244 5060
723 381 766 444 35

137 560 384 641 καταληφθέντα,
409 560 496 639 quod
522 558 665 623 Stahlius
688 560 723 621 in
746 560 797 623 ed.
825 559 879 622 alt.
905 561 1038 638 recepit,
1066 559 1212 638 praehet;
1245 567 1362 624 contra

137 667 293 744 scriptura
327 666 537 729 Laurentiani
572 666 825 748 παραλειφθέντα
861 672 894 730 ct
926 665 1052 729 scholio
1087 666 1231 746 (τουτέστι
1262 690 1360 748 τταρε-

137 773 267 835 λέλευττο
291 773 373 836 ὥστε
394 773 439 855 μὴ
464 774 623 855 ἐζεῦχθαι)
653 779 684 836 et
708 775 903 837 auctoritate
928 773 1073 854 Dionysii
1100 771 1142 858 (p.
1169 772 1246 856 874)
1271 793 1360 837 corn·

138 879 299 957 probatur,
326 881 360 942 in
381 880 485 943 Vatio.
507 887 556 944 est
578 881 824 961 καταλειφθέντα
850 880 974 962 (παραλ.
998 881 1032 942 in
1056 881 1127 963 γρ).
1163 881 1358 946 Rectissime

138 985 323 1048 Classenius
357 986 502 1061 adnotat,
537 987 591 1048 vix
623 985 692 1049 fieri
724 989 881 1066 potuisse,
917 988 996 1066 quin
1028 985 1227 1067 Syracusani
1260 995 1359 1068 ponte

138 1094 241 1155 navali
277 1093 423 1174 (ζεῦγμα)
454 1093 616 1156 collocato
641 1093 708 1155 suis
732 1093 871 1156 navibus
896 1095 1037 1172 spatium
1060 1094 1199 1158 liberum
1221 1096 1264 1158 ad
1289 1113 1357 1174 par-

137 1199 355 1280 navigandum
391 1199 581 1281 (ὄιέκττλουν)
617 1200 821 1280 reliquerint,
858 1218 919 1264 nec
952 1201 1060 1263 minus
1093 1203 1134 1264 ad
1167 1201 1276 1264 locurn
1310 1203 1359 1264 sio

136 1307 333 1370 intellectum
367 1306 564 1369 vocabulum
597 1307 732 1376 ἔκπλους
760 1326 788 1370 c.
822 1306 875 1382 70,
908 1307 923 1369 1
954 1307 1095 1385 positum
1125 1309 1288 1382 convenit,
1323 1316 1359 1371 ut

136 1433 154 1476 a
184 1414 344 1477 memoria
376 1412 472 1476 codd.
503 1413 665 1476 bonorum
698 1413 832 1476 minime
855 1413 1075 1477 recedendum
1100 1432 1172 1476 esse
1196 1413 1353 1478 videatur.

138 1519 302 1600 Scriptura
338 1520 617 1600 appetitoriam,
656 1537 755 1598 quam
789 1518 948 1598 praesum,
988 1519 1108 1583 clarius
1140 1520 1357 1599 significatum

138 1635 191 1697 est,
218 1627 362 1706 spatium
386 1645 453 1690 non
476 1627 510 1688 in
534 1625 642 1688 medio
666 1633 775 1704 ponte,
803 1628 860 1690 sed
883 1626 925 1690 ab
944 1643 1011 1689 una
1029 1632 1130 1706 parte,
1157 1627 1246 1706 quod
1261 1626 1354 1708 Syra·

137 1734 264 1796 cusanis
289 1751 354 1796 non
380 1733 487 1796 minus
512 1733 722 1796 commodum
746 1739 825 1806 erat,
851 1733 1001 1796 relictum
1025 1751 1109 1797 esse.

193 1821 196 1828 ⁵
222 1840 281 1912 to,
314 1840 329 1902 1
361 1840 604 1919 exquisitiorem
638 1839 892 1903 collocationem
920 1841 1119 1921 ἅμααύτοῖς
1144 1839 1204 1924 (vel
1230 1841 1286 1921 ἅμ’
1312 1839 1354 1924 α.)
1391 1863 1394 1876 ·

137 1947 235 2010 Vatic.
272 1946 363 2009 solus
396 1945 541 2025 praebet,
577 1943 617 2008 cl'.
645 1946 695 2018 ΙΙΙ,
724 1947 775 2018 17,
805 1947 820 2009 1
849 1943 979 2029 (Stahl.)
1009 1954 1042 2008 et
1070 1948 1111 2010 ad
1134 1943 1215 2018 Vlll,
1241 1946 1293 2017 92,
1321 1946 1353 2010 ὁ.

137 2053 232 2117 Recte
257 2053 335 2115 Arn.
363 2059 395 2115 et
419 2051 522 2116 Class.
549 2053 781 2132 praeeuntibus
804 2053 838 2114 in
861 2053 912 2116 ed.
939 2053 994 2116 alt.
1017 2051 1161 2116 Stahlius
1180 2071 1198 2114 e
1218 2052 1351 2133 Dionys,

138 2180 164 2238 p.
190 2159 254 2222 875
287 2159 482 2240 παρεβοήθει
516 2159 655 2237 scripsit,
691 2160 779 2239 quod
804 2159 1049 2246 quodammodo
1073 2160 1233 2237 scriptura
1257 2159 1351 2221 Laur.

134 2267 335 2350 παραβοηθεῖ
361 2265 554 2345 comprobat
583 2265 699 2348 (Vatic.
730 2264 949 2350 παραβοηθῇ).
979 2301 1018 2308 --
1042 2263 1064 2349 ξ
1089 2265 1108 2326 2
1136 2271 1168 2328 et
1197 2265 1290 2328 Laur.
1322 2271 1355 2328 et

135 2373 236 2436 Vatic.
263 2373 369 2454 ἐπειδὴ
403 2373 444 2444 δὲ,
478 2373 530 2435 καὶ
558 2373 691 2446 omisso,
728 2373 891 2446 exhibent,
927 2371 1025 2451 quod,
1062 2391 1138 2434 cum
1161 2373 1274 2450 partio.
1301 2373 1354 2436 καλ

135 2481 162 2541 h.
188 2481 208 2542 l.
235 2480 391 2550 abundet,
428 2487 459 2543 et
492 2481 672 2559 scripturae
696 2479 841 2561 Dionysii
871 2477 903 2564 (l.
930 2478 965 2564 Ι.)
999 2479 1104 2562 ἐπειδὴ
1138 2480 1192 2542 καὶ
1223 2485 1255 2543 et
1288 2498 1350 2542 scr.

135 2587 269 2650 Palatini
302 2587 407 2668 ἐπειδὴ
442 2588 476 2649 δὲ
508 2587 561 2648 καλ
593 2585 842 2666 praeferendum
868 2593 931 2657 est;
966 2587 1000 2648 in
1025 2585 1129 2649 Vatic.
1156 2587 1228 2650 solo
1251 2586 1353 2650 verba

134 2696 161 2755 ολ
186 2695 271 2756 ἄλλοι
302 2692 354 2778 (cl.
382 2693 498 2773 Krueg.
525 2713 570 2772 gr.
597 2691 619 2777 ξ
643 2693 697 2766 50,
723 2695 744 2756 4
773 2697 848 2757 adn.
878 2692 941 2778 11),
978 2711 1052 2756 curn
1087 2711 1154 2756 non
1186 2692 1352 2756 intellecta

133 2809 248 2877 essent,
284 2801 407 2864 omissa
440 2807 524 2862 sunt.
575 2800 658 2864 Ante
691 2801 791 2864 verba
823 2803 842 2882 ἡ
876 2801 1034 2882 ναυμαχία
1059 2801 1162 2862 Vatic.
1195 2801 1285 2864 solus
1313 2799 1352 2882 ἦν

132 2909 250 2983 inserit,
286 2907 375 2987 quod
408 2906 505 2985 plane
537 2925 818 2986 supervacaneum
852 2913 911 2980 est,
946 2926 1022 2970 oum
1054 2906 1191 2969 verbum
1219 2908 1352 2988 ε’χίχνετο

132 3011 274 3102 (flebat)
299 3015 420 3093 optimo
440 3032 480 3077 eo
500 3032 633 3094 quoque
652 3012 837 3086 reseratum¹
851 3031 952 3077 causa
970 3019 1079 3077 autem
1099 3013 1190 3076 verbi
1208 3014 1351 3078 addendi

86 3143 90 3162 ·
133 3139 168 3183 ea
194 3140 247 3184 res
276 3139 349 3184 esse
373 3121 487 3200 potuit,
518 3121 607 3201 quod
632 3121 815 3185 subiectum
839 3127 870 3184 et
893 3120 1028 3182 verbum
1052 3120 1086 3181 in
1110 3138 1171 3182 suo
1195 3121 1350 3201 quodque

132 3228 275 3290 membro
299 3229 459 3291 enuntiati
482 3228 589 3307 posita
612 3235 699 3290 sunt.
724 3226 805 3311 -ξ
830 3229 849 3289 7
873 3228 906 3288 in
931 3227 1025 3288 Laur.
1052 3232 1126 3305 post
1150 3226 1189 3309 δὴ
1213 3227 1304 3290 artic.
1330 3229 1349 3308 ἡ

131 3335 300 3408 intercidit,
331 3335 416 3414 apud
442 3335 576 3416 Dionys
603 3341 680 3397 ante
707 3335 767 3416 βοὴ
800 3333 930 3412 legitur;
964 3333 1042 3396 item
1068 3334 1172 3396 Vatic.
1198 3342 1229 3397 et
1253 3333 1348 3396 Dion.

129 3431 166 3502 τε
184 3447 265 3521 part.
296 3447 372 3504 ante
399 3441 456 3523 τὴν
481 3444 591 3523 τέχνην
621 3446 761 3504 servant.
787 3477 831 3484 —
854 3437 877 3523 ξ
901 3438 921 3501 8
945 3439 978 3501 in
1002 3439 1107 3502 Vatic.
1134 3446 1249 3502 contra
1272 3458 1348 3502 con-

132 3549 334 3611 suetudinem
358 3547 515 3628 loquendi
539 3547 785 3629 Thucydideam
811 3543 879 3630 (cfr.
906 3546 1024 3608 adnot·
1045 3543 1171 3630 Stahlii)
1197 3545 1350 3608 scribitur

131 3655 172 3716 ὸι’
206 3656 356 3737 ἀνάγκην,
391 3653 529 3718 fortasse
562 3655 602 3717 ad
636 3671 821 3716 sermonem
850 3652 1042 3716 variandum
1076 3650 1121 3736 (in
1153 3649 1175 3736 ξ
1208 3651 1228 3714 6
1261 3653 1348 3716 enim

130 3763 202 3822 κατ’
232 3763 374 3844 ἀνάγκην
406 3759 532 3845 legitur)
556 3760 781 3833 substitutum,
817 3757 858 3822 cf.
885 3759 927 3822 ad
951 3777 980 3821 c.
1006 3759 1060 3833 49,
1086 3759 1117 3820 2.
1165 3755 1252 3820 Infra
1275 3765 1350 3838 post

131 3867 226 3930 verba
255 3868 295 3930 δι’
326 3867 430 3948 ὀλίγου
458 3867 563 3930 Vatic.
593 3866 683 3929 solus
711 3871 742 3929 et
771 3865 905 3947 Dionys
936 3864 1133 3928 vocabulum
1163 3864 1264 3926 πόνου
1292 3864 1347 3927 ad-

131 3973 220 4048 dunt,
257 3975 344 4055 quod
378 3992 444 4054 quo
477 3973 575 4036 modo
612 3973 672 4036 «ad
706 3973 902 4036 sententiam
925 3971 1148 4052 aptissimum»
1183 3970 1347 4050 appellare

131 4082 228 4156 possit
252 4079 396 4145 Stahlius
425 4097 493 4142 non
519 4079 684 4160 intellego.
733 4079 849 4143 Melius
878 4086 965 4142 certo
988 4084 1094 4141 terrae
1118 4074 1346 4141 infestissimae

132 4183 408 4266 Syracusanorum
441 4203 541 4264 marc,
578 4187 673 4250 cuius
705 4187 878 4265 imperium
913 4179 1035 4248 multos
1058 4201 1126 4265 per
1153 4201 1265 4246 uncos
1293 4202 1345 4247 ex-

132 4295 279 4358 ercebant
307 4293 535 4365 Athenienses
567 4294 751 4373 opponitur.
801 4291 911 4354 Πόνου
940 4308 979 4352 ex
1006 4290 1202 4370 glossemata
1229 4289 1346 4371 χρόνου

134 4397 264 4464 sortasse
289 4405 477 4481 corruptum
503 4417 575 4464 esse
600 4405 722 4480 potest;
749 4397 789 4462 cf.
807 4397 888 4473 Vlll,
906 4396 959 4470 91,
979 4396 1008 4458 1.
1026 4396 1217 4459 --Rectius
1237 4395 1342 4458 Vatic.

133 4505 360 4590 ὑποχωροῦσιν
385 4506 472 4592 (cell.
499 4506 603 4592 ἀποχ.)
628 4505 774 4577 exhibet;
805 4507 839 4568 in
863 4503 979 4568 eodem
1004 4503 1141 4567 alterum
1165 4503 1194 4566 εἶ
1214 4503 1343 4566 excidit.

216 4613 273 4688 tl,
298 4613 317 4676 2
342 4615 376 4675 in
400 4614 504 4676 Vatic.
530 4614 656 4676 πάντων
685 4613 744 4693 γὰρ
772 4611 833 4693 ἤδη
858 4609 1016 4690 scriptum
1041 4615 1104 4682 est;
1135 4607 1175 4671 cf.
1202 4609 1277 4672 adn.
1304 4609 1346 4672 ad

1099 4729 1132 4783 3*
