3262 5052
725 322 788 387 103

146 499 239 582 igitur
261 499 363 565 verba
385 502 551 584 εἰρημένον
574 500 634 582 γὰρ
653 501 744 582 αὐτῷ
763 497 821 585 (sc.
840 499 890 586 ἦν)
911 500 999 566 male
1017 500 1216 566 intellexisse
1235 500 1371 566 videtur.

147 645 184 652 —
210 605 298 672 Infra
320 608 355 670 in
378 605 401 692 ξ
424 606 445 670 5
470 607 622 671 scribitur
644 608 853 689 προτάξαντες
876 613 969 689 σφῶν
992 608 1097 670 αὐτῶν
1115 605 1158 669 Ἄ.
1181 607 1253 680 xri„
1287 626 1373 688 quae

145 714 245 778 verba
277 731 364 778 sace
393 731 522 780 causae
538 715 711 797 patronos
736 710 978 780 constituentes
1002 713 1146 800 Stahlius
1169 714 1279 790 vertit;
1314 715 1372 778 sed

145 821 322 885 collocatio
345 821 521 886 verborum
545 821 652 902 potius
676 821 802 894 suadet,
829 826 865 884 ut
888 827 982 902 οφιῐιν
1005 822 1110 886 αὐτῶν
1133 840 1208 888 cum
1227 821 1267 884 iis
1287 837 1372 901 quae

145 933 327 1008 sequuntur
360 929 601 1010 coniungantur
635 925 688 1013 (cf.
714 927 790 992 adn.
817 924 948 1012 Closs).
998 928 1068 992 Hoc
1099 925 1196 1004 factu,
1232 946 1307 994 cum
1330 927 1371 996 de

144 1033 392 1099 Plataeensibus
407 1040 581 1115 patronum
596 1053 676 1100 suae
691 1051 812 1100 causae
828 1033 1104 1100 constituentibus
1117 1035 1371 1120 προταξάμενοι

144 1140 322 1222 legitimum
355 1140 499 1206 iuturum
531 1139 636 1217 luerit,
670 1142 917 1223 προστάξαντες
945 1139 1004 1226 (sc.
1030 1139 1135 1226 εἰπεῖν)
1161 1141 1371 1206 scribendum

144 1266 216 1314 esse
249 1246 345 1313 facile
377 1254 527 1328 apparet;
562 1249 603 1313 de
636 1265 804 1328 praeposs.
829 1271 909 1330 προ-
934 1254 968 1312 et
988 1271 1087 1330 προσ-
1112 1249 1302 1328 permutatis
1326 1247 1368 1314 cl,

144 1355 219 1418 adn.
247 1355 289 1420 ad
301 1355 366 1430 ·40,
395 1356 423 1418 1.

233 1460 294 1539 53,
320 1462 349 1524 1.
383 1462 437 1525 καὶ
459 1462 493 1524 ἐν
516 1462 674 1532 δικασταῖς
697 1463 756 1526 οὐκ
781 1461 818 1525 ἐν
841 1461 945 1531 ἄλλοις
968 1461 1132 1544 δεξάμενοι
1154 1462 1235 1546 κτλ]
1259 1480 1368 1530 emen·

19 1619 20 1622 ι
145 1569 310 1632 dationem
335 1566 522 1632 facillimam
543 1568 697 1650 Kruegeri
721 1569 764 1630 ἂν
787 1586 846 1648 pro
870 1568 903 1632 tv
926 1567 1099 1634 scribentis
1123 1568 1165 1634 ab
1189 1570 1368 1635 editoribus

144 1681 273 1754 praeter
295 1675 461 1740 Harwerd.
492 1674 578 1738 male
610 1674 814 1755 repudiatam
847 1691 920 1739 esse
953 1676 1049 1738 duco.
1098 1675 1237 1740 Maxime
1269 1677 1365 1754 enim,

144 1783 170 1844 si
206 1782 368 1884 scriptura
405 1780 536 1862 vulgata
566 1781 737 1856 retinetur,
777 1781 905 1846 iteratio
938 1782 1189 1862 praepositionis
1222 1775 1365 1856 otendit,

18 1941 19 1946 ,
144 1905 228 1969 quae
261 1888 359 1952 nullis
392 1888 548 1968 exemplis
581 1905 620 1952 ex
648 1887 838 1970 Thucydide
871 1889 978 1968 petitis
1010 1890 1090 1954 satis
1117 1888 1365 1970 comprobatum

144 2013 219 2059 nam
243 1996 318 2060 loeo
343 1995 395 2072 Vl,
422 1995 475 2072 82,
501 1996 523 2058 4
552 1995 615 2078 (ἐπὶ
640 1995 695 2078 τὴν
723 1995 915 2078 μητρόπολιν
938 1996 989 2078 ἐφ’
1015 1995 1122 2078 ἡμᾶς),
1153 2013 1251 2076 quem
1274 1994 1366 2060 affert

143 2100 297 2178 Stahlius,
323 2104 358 2166 in
381 2102 587 2184 appositione
610 2103 776 2182 repetitur,
810 2119 887 2166 cum
911 2108 1022 2166 nostro
1046 2102 1121 2166 loco
1145 2119 1237 2182 pron.
1263 2102 1366 2172 ἄλλοις

143 2209 251 2274 dativo
285 2210 443 2280 δικασταῖς
474 2208 619 2274 attributi
651 2209 723 2272 vice
755 2205 894 2290 iungens
927 2208 1073 2274 additum
1105 2208 1157 2272 sit.
1213 2207 1362 2284 Accedit,

142 2317 229 2394 quod
256 2316 292 2380 in
320 2317 382 2380 bac
406 2316 576 2397 scriptura,
611 2321 646 2380 ut
678 2316 885 2380 concinnitas
908 2316 943 2380 in
965 2313 1166 2395 temporibus
1188 2314 1363 2380 verborum

141 2421 231 2486 salva
253 2423 305 2498 sit,
332 2423 465 2503 particc.
482 2423 620 2505 οἰόμενοι
638 2429 671 2487 et
689 2423 859 2505 ἡγούμενοι
878 2421 1043 2504 iungenda
1061 2427 1148 2494 sunt,
1174 2421 1250 2486 huic
1265 2440 1363 2503 porro

140 2529 346 2610 participium
373 2530 538 2612 ὀεξάμινοι
564 2528 828 2610 subiungendum
857 2535 908 2593 est
936 2526 989 2614 (ci.
1014 2526 1144 2614 Stabit,
1179 2547 1246 2611 quo
1270 2529 1305 2594 fit
1327 2536 1363 2594 ut

140 2643 171 2699 et
203 2636 309 2700 oratio
342 2635 514 2701 obscurius
545 2638 632 2702 iusto
665 2636 822 2717 procedat
854 2641 887 2700 et
919 2635 1083 2718 δεξάμενοι
1111 2637 1255 2718 γενέσθαι
1282 2637 1362 2700 nihil

140 2741 227 2806 aliud
252 2761 350 2823 qnam
376 2743 536 2825 γενόμενοι
560 2743 617 2826 (--=
635 2746 665 2808 εῖ
685 2743 867 2826 γενοίμεθα)
892 2742 1010 2808 valeat.
1051 2741 1108 2808 Sin
1131 2748 1241 2806 autem
1264 2744 1303 2805 ἂν
1319 2778 1361 2789 -

140 2847 304 2931 δεξάμενοι
326 2849 489 2927 scribitur,
521 2851 584 2914 boc
607 2851 695 2915 idem
718 2848 785 2914 sere
809 2850 898 2930 quod
923 2849 1086 2932 δεχόμενοι
1109 2849 1230 2914 valebit
1252 2848 1361 2929 itaque

138 2955 251 3033 partic.
286 2956 496 3036 praecedenti
528 2957 666 3039 οἰόμενοι
698 2957 819 3037 optime
846 2955 1068 3037 respondebit.
1094 2993 1135 3000 --
1160 2955 1254 3035 Quod
1277 2953 1361 3020 inira

140 3056 173 3145 (ξ
196 3059 230 3146 2)
262 3061 297 3126 in
329 3061 425 3126 codd.
452 3063 617 3128 scribitur:
647 3060 677 3145 ᾦ
703 3061 740 3126 τὰ
766 3063 826 3146 μὲν
857 3063 964 3146 ἀληθῆ
986 3062 1218 3144 ἀποκρίνασθαι
1240 3063 1360 3126 ἐναντία

138 3168 276 3248 γίγνεται,
296 3167 333 3230 τὰ
353 3168 388 3232 dt
405 3169 511 3252 ψευδῆ
528 3170 654 3252 ἔλεγχον
672 3171 743 3253 ἔχει,
766 3170 915 3234 membro
933 3168 1113 3249 posteriore
1132 3169 1212 3232 satis
1230 3169 1359 3232 ostendi

137 3280 225 3352 puto.
250 3273 288 3337 τὰ
319 3311 356 3320 -
378 3275 484 3358 ἀληθῆ
516 3276 700 3342 subiectum
732 3275 824 3341 verbi
856 3277 986 3359 γίγνεται
1018 3292 1092 3340 esse
1127 3271 1179 3359 (cf.
1207 3274 1356 3360 ltrueg.);

137 3381 223 3460 quod
248 3381 277 3444 si
300 3381 345 3445 ita
368 3389 427 3456 est,
463 3382 553 3447 nulla
581 3401 682 3448 causa
709 3383 854 3448 ἐναντίον
877 3381 1041 3447 scribendi
1065 3380 1197 3468 (Class.)
1221 3382 1281 3446 erit
1305 3381 1358 3466 (de

135 3485 224 3550 infin.
260 3487 493 3571 ἀποκρίνασθαι
525 3489 565 3554 cl.
592 3489 709 3572 llrueg.
742 3509 878 3572 gramm.
908 3487 1008 3573 §ab
1034 3490 1055 3554 3
1083 3489 1159 3554 adn.
1186 3486 1229 3572 7).
1279 3488 1357 3554 Mire

137 3590 290 3668 Stahlius,
321 3593 527 3660 Classenium
546 3615 626 3662 saue
645 3615 798 3677 sequens,
829 3598 1062 3678 ἀποκρίνασθαι
1084 3597 1204 3660 ἐναντία
1228 3597 1357 3678 γίγνεται

135 3699 197 3764 dici
230 3701 376 3781 potuisse
409 3721 449 3766 ex
481 3720 522 3766 ea
552 3721 587 3766 re
620 3702 752 3782 colligit,
787 3705 877 3784 quod
901 3703 1046 3785 Thucyd.
1080 3703 1103 3777 l,
1132 3701 1204 3776 125,
1231 3702 1267 3778 2;
1302 3702 1353 3778 lll,

135 3805 187 3882 88,
215 3808 230 3871 1
266 3813 341 3888 post
371 3808 510 3872 ἀδύνατα
542 3807 582 3891 ἦν
613 3807 808 3873 infinitivum
840 3811 959 3891 posuit,
995 3827 1080 3890 quae
1112 3808 1235 3874 locutio
1259 3809 1355 3890 plane

134 3912 262 3978 diversa
294 3920 353 3978 est.
403 3914 574 3996 Vulgatam
607 3915 654 3980 sic
686 3923 793 3980 verto:
829 3913 879 3982 od
910 3934 1017 4001 quom
1042 3915 1353 4002 (interrogationem)

135 4036 218 4084 uero
234 4037 305 4102 pro
329 4037 495 4103 responso
520 4017 614 4086 dicto
637 4017 794 4086 aduerso
818 4022 900 4108 (ie.
923 4021 1121 4105 periculosa)
1145 4028 1234 4101 sunt,
1249 4017 1355 4106 falso

133 4131 248 4191 nutem
280 4143 317 4190 se
350 4123 426 4208 ipso
457 4122 629 4212 refellunt.
656 4163 700 4174 —-
723 4126 790 4213 §4
819 4130 932 4194 nescio
965 4148 1009 4194 an
1041 4130 1162 4195 rectius
1194 4129 1227 4192 in
1256 4129 1350 4192 laur.

133 4232 203 4296 solo
235 4233 376 4307 λέξεται
410 4231 497 4319 (cett.
523 4231 683 4316 tetstatur)
718 4234 874 4315 scriptum
908 4237 958 4312 sit,
995 4257 1080 4319 quae
1114 4235 1219 4302 lomna
1250 4235 1353 4300 tribus

132 4336 213 4402 locis
240 4341 437 4420 tragicorum
463 4339 576 4426 (Soph.
603 4339 641 4406 0.
668 4338 704 4403 C.
733 4339 833 4418 1186;
864 4341 939 4406 Eur.
965 4341 1036 4409 Alc.
1063 4343 1138 4418 322,
1169 4342 1247 4406 Hac.
1274 4341 1351 4426 906)

131 4446 208 4510 satis
250 4445 490 4526 comprobatur.
554 4446 698 4512 Stahlius
740 4447 782 4512 ad
825 4445 968 4512 futurum
1005 4455 1157 4514 exactum
1193 4448 1353 4513 tuendum

131 4547 246 4633 ltrueg.
280 4569 415 4632 gramm.
450 4550 473 4638 ξ
500 4553 553 4628 53,
585 4555 605 4618 9
638 4551 715 4618 adn.
745 4553 767 4617 3
800 4551 927 4620 confert
961 4553 1123 4639 (εἰρήσεται
1155 4553 1289 4638 τάληθὲς
1321 4563 1353 4622 et
