3244 5060
748 339 768 402 9

152 519 282 594 accedit,
308 519 397 600 quod
425 518 489 582 iam
518 525 615 584 antea
639 516 812 581 Selinuntii
841 516 1010 596 copiarum
1039 521 1129 594 parte
1154 514 1370 596 Syracusanis

152 624 278 689 alluisse
302 626 455 689 dicuntur
479 623 532 709 (ci.
555 623 607 699 Vl,
629 623 682 702 67,
705 621 749 709 2).
798 621 892 702 Quod
916 623 950 684 in
973 621 1130 701 proximis
1150 619 1372 701 superioribus

154 731 250 795 Vatic.
269 732 328 795 ὅσα
343 750 402 812 pro
417 732 485 795 ὅσοι
502 730 646 811 praebet,
673 730 715 793 ad
736 748 835 810 quam
849 729 1044 808 scripturam
1064 729 1306 808 agnoscendam
1324 728 1371 790 in·

153 838 246 902 obnat
261 837 460 914 ClasseniuS,
487 838 588 902 errori
608 837 730 900 librarii
749 837 835 900 haud
855 834 953 899 dubie
972 834 1181 899 tribuendum
1201 840 1264 911 est;
1291 834 1371 897 ὅπλα

151 946 233 1008 enim
244 945 335 1008 nulla
349 949 469 1008 nautae
484 943 660 1008 habebant.
674 943 790 1006 -Pro
804 942 858 1012 τὰς
872 941 941 1024 γὰρ
954 938 1086 1026 (Vatia.)
1102 941 1136 1004 in
1152 946 1227 1005 cett.
1239 940 1293 1011 τὰς
1306 940 1373 1023 μὲν

151 1051 303 1130 scriptum
328 1057 388 1126 est,
415 1069 500 1114 unus
523 1051 716 1114 deterrimus
737 1046 967 1135 (Mosquensis)
987 1047 1042 1118 τὰς
1059 1048 1094 1110 δὲ
1112 1046 1256 1128 praehet.
1297 1047 1371 1111 For·

150 1163 233 1221 tasse
249 1163 331 1236 part.
350 1157 402 1233 δὲ,
428 1175 512 1237 quae
530 1158 564 1219 in
582 1156 702 1220 talibus
722 1155 994 1236 explicationibus
1014 1155 1236 1234 parenthetica
1255 1154 1373 1217 additis

151 1265 360 1327 usitatissima
384 1269 434 1327 est
454 1260 506 1348 (ci.
529 1283 559 1326 v,
582 1282 610 1326 c.
633 1261 687 1338 57,
708 1263 744 1337 4;
771 1263 852 1336 VIII,
875 1261 927 1336 92,
950 1259 994 1346 9),
1022 1261 1131 1341 posuit
1149 1260 1370 1342 Thucydides;

152 1389 233 1451 quae
262 1389 338 1434 cum
362 1371 396 1433 in
424 1371 519 1434 codd.
548 1371 581 1432 in
604 1369 663 1452 μὲν
686 1375 840 1449 corrupta
863 1374 950 1433 esset
976 1363 1072 1452 (elcut
1095 1369 1129 1430 in
1155 1368 1257 1430 Vatic.
1283 1367 1373 1430 initio

151 1478 244 1540 huius
273 1477 346 1540 libri
374 1475 496 1541 factum
525 1473 598 1561 est),
628 1476 662 1538 iu
691 1475 851 1540 Vaticano
876 1493 893 1538 e
918 1475 1109 1538 conlectura
1132 1473 1191 1556 γὰρ
1222 1474 1374 1538 substitui

152 1585 263 1662 potuit.
314 1581 361 1647 Cf.
388 1585 484 1647 etiam
509 1583 550 1646 ad
575 1603 603 1646 c.
632 1581 683 1656 79,
711 1582 741 1645 3.
772 1619 816 1628 -
843 1583 880 1645 In
903 1580 968 1667 §4
997 1581 1088 1644 nullo
1121 1581 1308 1644 discrimine
1339 1581 1374 1642 in

153 1691 243 1754 Laur.
267 1697 299 1754 et
314 1691 418 1754 Vatic.
444 1691 581 1772 πέμψειν
604 1689 640 1751 δέ
661 1689 711 1751 τιν’
737 1689 842 1758 αὐτοῖς
864 1688 926 1750 κτλ.
950 1687 1113 1762 scribitur,
1140 1705 1205 1768 qua
1228 1705 1263 1750 re
1287 1686 1374 1750 litut

154 1797 320 1862 elisionem
350 1815 430 1860 sane
457 1797 623 1859 insolitam
656 1793 708 1879 (cf.
736 1795 846 1858 adnot.
875 1792 1002 1878 Stahlii)
1027 1794 1199 1873 repudiare
1230 1793 1374 1873 paullum

153 1904 309 1979 dubitem;
342 1902 485 1967 Stahlius
509 1901 694 1982 pronomini
717 1901 885 1964 indefinito
914 1909 1081 1981 tamquam
1110 1900 1150 1963 ad
1180 1901 1374 1964 sententiam

154 2028 264 2088 parum
295 2010 503 2074 convenienti
533 2009 644 2089 partic.
671 2010 720 2070 ἔτι
746 2007 789 2090 (τι.
814 2007 884 2071 δ’ἔτι
908 2008 1024 2090 αὐτοῖς)
1049 2007 1223 2076 substituit.
1250 2007 1307 2070 sed
1332 2004 1372 2068 cf.

155 2115 203 2190 Vl,
225 2117 279 2186 94,
302 2114 337 2190 2;
365 2115 445 2190 Vlll,
468 2117 520 2190 70,
543 2115 573 2178 2.
614 2113 875 2178 Collocationem
895 2115 1064 2184 δοκοῦντος
1081 2115 1263 2196 προθύμως
1280 2115 1375 2195 ἥκειν,

155 2240 251 2301 quam
275 2239 293 2284 e
319 2221 422 2285 VatIc.
448 2223 572 2302 recepit
596 2221 713 2296 Class,
741 2220 918 2285 correctori
941 2220 1182 2299 imputaverim;
1209 2218 1249 2283 cf.
1278 2237 1377 2299 supra

153 2328 230 2392 πολὺ
261 2327 504 2410 προθυμότερον
538 2327 759 2410 (προσχωρεῖν)
794 2328 922 2408 ἑτοῖμοι,
955 2344 1040 2406 quae
1077 2327 1178 2390 verba
1210 2326 1375 2406 Kruegero

155 2439 329 2513 praeeunte
358 2431 476 2498 trustra
498 2434 666 2513 temptant
692 2433 869 2507 Herwerd.,
903 2432 980 2514 dum
1004 2432 1105 2497 verbo
1130 2435 1245 2516 ἑτοῖμοι
1268 2433 1375 2497 deleto

153 2541 230 2604 πολὺ
266 2541 511 2622 προθυμότεροι
547 2545 744 2622 προσχωρεῖν
777 2539 898 2615 scribii,
938 2545 1105 2621 tamquam
1140 2543 1167 2604 si
1200 2541 1262 2603 adl.
1297 2563 1375 2620 προ-

153 2647 322 2729 θυμότεροι
354 2647 421 2710 ulla
453 2647 720 2726 interpretatione
753 2647 886 2726 eguerit.
980 2647 1015 2709 ln
1045 2647 1109 2710 hoc
1138 2647 1244 2726 capite
1273 2647 1375 2725 magis

155 2753 249 2816 solito
279 2754 314 2814 in
342 2753 502 2832 particula
529 2777 560 2816 τε
587 2753 739 2816 addenda
765 2753 817 2817 vel
847 2753 1027 2817 omittenda
1059 2754 1191 2816 vacillat
1223 2753 1374 2816 codicum

155 2860 319 2934 memoria,
356 2868 387 2924 et
419 2861 453 2923 in
485 2859 605 2923 talibus
629 2859 773 2922 minutiis
796 2862 849 2922 vix
874 2859 1053 2940 quidquam
1077 2878 1135 2939 pro
1160 2859 1256 2938 plane
1284 2864 1374 2922 certo

155 2967 229 3044 poni
253 2967 351 3030 licere
376 2957 625 3032 concedendum
650 2973 708 3030 est.
749 2967 785 3029 In
807 2964 830 3051 ξ
853 2966 873 3030 3
897 2967 986 3046 prius
1009 2991 1040 3029 τε
1064 2967 1182 3030 omittit
1199 2966 1314 3041 Vatia,
1341 2965 1374 3026 in

154 3069 215 3155 §4
237 3097 269 3136 τε
292 3091 356 3136 om.
384 3073 494 3148 Laur.;
521 3073 578 3136 sed
603 3091 678 3136 cum
698 3078 836 3153 utroque
856 3073 930 3137 loco
951 3072 1110 3153 particula
1129 3073 1170 3135 ad
1190 3073 1375 3136 iuncturam

156 3179 373 3242 membrorum
398 3181 576 3242 notandam
596 3179 765 3258 aptissima
782 3181 824 3242 sit
843 3179 928 3261 (τούς
945 3203 981 3241 τε
995 3178 1167 3262 Ἱμεραίους
1190 3181 1313 3242 ἔπεισαν
1334 3215 1375 3222 -

155 3286 214 3348 καὶ
236 3285 308 3355 τοὺς
327 3285 397 3348 Zet.
421 3311 452 3348 π.
476 3286 634 3361 indiacum
656 3291 711 3348 τοῦ
734 3309 770 3348 τε
788 3285 981 3367 Ἄρχωνίὸου
1004 3311 1029 3350 ν.
1052 3287 1242 3369 τεθνηκότος
1257 3322 1297 3330 --
1313 3285 1376 3348 καὶ

154 3399 206 3454 τοῦ
225 3392 299 3454 Ful.
323 3393 359 3455 ἐκ
377 3391 416 3454 Λ.
440 3417 471 3454 τι.
496 3392 666 3461 δοκοῦντος
687 3391 797 3474 ἥκειν),
821 3397 958 3472 utraque
982 3393 1124 3472 genuina
1143 3392 1295 3457 habenda
1313 3397 1372 3455 est.

155 3498 309 3564 Maiorem
333 3499 570 3562 dubitationem
594 3496 732 3562 afferunt
754 3498 788 3560 in
806 3495 828 3582 ξ
846 3497 866 3560 5
886 3497 987 3562 verba
1008 3504 1072 3562 τῶν
1094 3524 1130 3562 τε
1155 3498 1232 3584 (om.
1255 3496 1374 3583 Vatic.)

156 3607 314 3688 σφετέρων
337 3611 461 3670 ναστῶν
480 3605 533 3668 καὶ
552 3605 715 3687 ἐπιβατῶν,
735 3604 792 3668 sed
813 3604 1064 3669 collocationem
1084 3606 1263 3685 particulae
1283 3606 1372 3682 satie,

156 3713 279 3790 opInor,
306 3718 438 3776 tuentur
461 3712 535 3785 loci,
563 3730 646 3791 quos
670 3712 710 3773 ad
730 3711 753 3787 1,
777 3712 795 3773 7
818 3707 861 3796 (1)
889 3708 940 3795 (cf.
964 3711 1004 3774 ad
1024 3711 1046 3786 Ι,
1069 3711 1122 3788 26,
1145 3711 1165 3775 3
1187 3709 1244 3798 (2))
1269 3712 1377 3776 attulit

157 3818 349 3899 Kruegerus‚
380 3819 443 3882 nisi
471 3817 552 3882 forte
579 3823 643 3880 τῶν
670 3841 701 3879 τε
729 3824 761 3880 et
784 3816 956 3900 Ἱμεραίους
984 3817 1018 3880 δὲ
1040 3819 1125 3882 inter
1148 3837 1183 3884 se
1206 3817 1377 3883 referenda

157 3931 240 3998 sunt,
273 3923 313 3988 ci.
345 3925 411 3998 VII,
438 3923 491 4000 81,
518 3924 540 3988 3
562 3931 594 3988 et
618 3923 720 3988 Stahl.
748 3925 789 3987 ad
813 3924 864 3998 III,
891 3923 944 3998 52,
970 3924 1006 4000 2;
1037 3943 1145 4005 neque
1172 3944 1250 3990 vero
1279 3927 1375 4005 parti-

156 4031 230 4094 cula
251 4056 283 4096 τε
305 4039 380 4112 post
402 4031 625 4094 Σελινουντίων
648 4029 764 4110 posita,
791 4049 857 4110 qua
876 4032 992 4111 lIrueg.
1020 4030 1245 4097 offendebatur
1264 4050 1374 4111 quam-

155 4155 217 4216 que
248 4139 365 4202 omittit
394 4139 503 4212 Laur,
536 4156 612 4201 cum
642 4136 743 4200 verba
771 4137 883 4219 ψιλοὺς
910 4138 964 4200 καὶ
991 4139 1103 4209 ἱππέας
1130 4137 1292 4202 etiamad
1316 4137 1374 4199 Γε-

155 4244 248 4323 λῴων
270 4247 431 4325 pertinere
455 4245 523 4309 veri
547 4243 652 4307 simile
676 4244 726 4321 sit,
753 4241 848 4307 facile
873 4262 1031 4308 caremus.

244 4351 276 4426 2,
295 4351 330 4415 ’3
357 4351 485 4432 plenior
513 4351 672 4430 scriptura
700 4349 850 4414 Vaticani
877 4351 944 4413 τότε
972 4375 998 4412 τι
1025 4357 1125 4433 τεῖχος
1155 4347 1261 4433 (Laur.
1298 4368 1373 4413 cum

157 4463 228 4520 cett.
259 4482 285 4520 τι
317 4456 396 4544 om.)
432 4455 568 4520 tortasse
600 4456 742 4538 genuiua
775 4463 838 4531 est;
874 4463 989 4520 contra
1021 4457 1131 4534 paullo
1164 4453 1249 4518 infra
1279 4455 1376 4536 πρὸς

158 4563 221 4640 (τὰς
234 4564 416 4648 Ἐπιπολὰς)
441 4581 499 4643 pro
523 4564 563 4636 ἐς,
583 4562 672 4643 quod
692 4568 767 4626 cett.
789 4562 952 4637 exhibent,
976 4561 1017 4625 ad
1038 4563 1263 4642 repetitionem
1283 4580 1374 4642 prae·
1469 4581 1471 4586 ·
