3244 5060
852 334 893 396 10

259 511 431 590 positionis
464 509 630 573 vitandam
664 515 853 574 correctura
883 513 1026 590 positum
1059 530 1131 576 esse
1160 518 1238 592 puto
1269 511 1321 597 (ot.
1354 513 1479 577 Betant.

260 618 322 682 lex.
350 637 375 680 S.
404 637 432 680 v.
458 614 704 702 ἀφικνεῖσθαι).1
727 654 772 662 -
794 617 830 680 ln
849 615 871 702 ξ
892 619 912 680 4
934 618 1037 682 Vatic.
1064 619 1210 702 ἐτύγχανε
1234 620 1268 683 δὲ
1291 619 1369 683 κατὰ
1393 625 1482 683 τοῦτο

257 730 321 787 τοῦ
341 730 462 806 καιροῦ,
482 724 577 787 Leur.
600 730 632 788 et
652 725 725 787 Vat.
744 747 791 806 γρ.
812 742 887 787 cum
907 730 982 788 cett.
1004 726 1091 807 ἔτυχε
1110 726 1144 790 δὲ
1162 726 1242 789 κατὰ
1260 733 1350 790 τοῦτο
1369 732 1481 808 καιροῦ

258 830 425 910 praebent.
489 827 716 910 Imperfectum
750 828 880 895 delendi
912 832 966 894 rix
999 838 1105 911 potest
1140 829 1192 916 (f.
1228 831 1331 897 Class.
1367 834 1478 897 adnot.

258 937 327 1001 crit.
354 937 396 1002 ad
419 937 469 1013 ΙΙΙ,
499 934 591 1021 111);
622 937 795 1000 articulum
822 944 877 1001 τοῦ
904 944 1099 1017 receperunt
1122 939 1273 1014 editores
1299 940 1388 1004 haud
1413 933 1484 1005 scio
1601 989 1602 992 ,

257 1062 300 1108 an
331 1045 426 1108 male.
474 1043 622 1108 Allerunt
649 1043 759 1107 locum
789 1044 963 1126 Phrynichi
995 1041 1037 1129 (p.
1064 1045 1128 1108 279
1153 1046 1203 1110 ed.
1231 1044 1399 1131 Lobeck.)‚
1427 1049 1481 1127 qui

257 1151 479 1233 Thucydidem
506 1151 540 1213 in
569 1150 651 1214 libro
681 1157 799 1214 octavo
823 1151 944 1214 alicubi
966 1151 1043 1234 μετὰ
1066 1159 1120 1215 τοῦ
1144 1153 1269 1234 ἄρθρου
1292 1154 1356 1216 κατ’
1382 1154 1481 1216 ἐκεῖνο

255 1265 310 1321 τοῦ
338 1264 451 1340 καιροῦ
480 1258 601 1320 dixisse
629 1257 737 1321 verbis
767 1259 846 1321 satis
873 1258 1006 1321 incertis
1040 1257 1202 1341 (ἡγοῦμαι)
1236 1265 1387 1336 testatum
1424 1261 1480 1324 sed

257 1383 332 1427 curn
361 1364 470 1427 nullus
499 1365 573 1427 talis
601 1364 694 1428 locus
724 1366 759 1428 in
783 1364 803 1427 Ι.
831 1364 900 1428 Vlll
925 1369 1022 1436 extet,
1049 1364 1216 1428 adnotatio
1241 1365 1426 1448 Phrynichi,
1454 1368 1481 1429 si

257 1471 388 1551 quidem
418 1471 487 1536 veri
518 1471 697 1551 quidquam
729 1471 838 1545 habet,
871 1476 939 1533 tarn
969 1489 986 1534 e
1018 1471 1091 1534 loco
1121 1471 1187 1547 VII,
1219 1473 1272 1547 69,
1300 1473 1335 1537 2:
1370 1474 1404 1536 ἐν
1435 1481 1480 1555 τῷ

254 1579 385 1659 τοιούτῳ
407 1583 462 1640 τοῦ
486 1583 598 1659 καιροῦ
623 1595 721 1657 quam
746 1597 763 1641 e
788 1583 900 1640 nostro
924 1583 996 1640 orta
1019 1596 1091 1642 esse
1111 1579 1217 1657 putari
1237 1585 1353 1658 potest.
1405 1581 1478 1644 For-

255 1692 342 1748 tasse
375 1685 471 1764 igitur
502 1684 548 1746 ita
581 1701 616 1746 se
644 1702 697 1747 res
726 1683 835 1755 habet,
866 1689 902 1746 ut
930 1690 1096 1748 corrector
1123 1685 1154 1747 h.
1182 1685 1202 1747 l.
1234 1687 1406 1750 articulum
1438 1689 1478 1750 ad

255 1790 499 1854 similitudinem
524 1791 588 1854 loci
613 1789 678 1865 Vll,
705 1789 758 1864 69,
785 1789 804 1852 2
829 1790 996 1854 addiderit.
1046 1790 1198 1855 Ceterum
1223 1791 1263 1856 cf.
1291 1793 1341 1867 ΙΙΙ,
1364 1792 1417 1867 57,
1440 1793 1476 1868 3;

257 1897 322 1972 Vll,
353 1897 406 1972 33,
442 1896 472 1973 6,
510 1896 678 1961 Demosth.
715 1897 751 1970 ΙΙ,
779 1897 814 1959 8ἰ
849 1903 962 1979 καιροῦ
986 1933 1029 1944 -
1051 1898 1131 1979 πρὸς
1162 1905 1252 1962 τοῦτο
1284 1901 1411 1982 πάρεστι
1443 1901 1478 1962 τὰ

253 2005 431 2086 πράγματα,
465 2008 498 2067 et
525 2002 709 2066 LobecIIus
740 2003 781 2065 ad
810 2003 829 2065 l.
860 2002 881 2065 Ι.
909 2005 1090 2068 -Paullo
1118 2003 1201 2068 inira
1229 2007 1308 2069 nihil
1338 2015 1386 2070 est
1420 2026 1479 2070 our

255 2111 447 2190 scripturam
464 2111 567 2174 Vatic.
590 2109 813 2172 ἀπετετέλεστο
839 2106 925 2194 (cett.
943 2109 1045 2194 ἐπετ.)
1071 2111 1303 2191 praeferamus,
1330 2111 1370 2176 cf.
1388 2114 1420 2187 4,
1439 2113 1476 2183 ῖς

258 2218 335 2292 VIII,
357 2216 410 2292 55,
438 2217 468 2280 2.
495 2254 538 2262 -
562 2217 664 2281 Recte
685 2215 829 2280 Stahlius
849 2218 1041 2296 scripturam
1063 2219 1156 2281 Laur.
1177 2219 1355 2301 uibrabant
1374 2221 1478 2302 βραχύ

252 2347 279 2385 τι
308 2329 431 2398 tuetur;
461 2325 495 2386 in
528 2324 630 2386 VatIc.
661 2323 733 2386 solo
762 2341 820 2402 pro
848 2323 927 2387 κατὰ
956 2325 1108 2388 scribitur
1133 2325 1229 2414 παρὰ,
1259 2345 1357 2406 quam
1386 2345 1477 2406 prae-

253 2430 449 2508 positionem
481 2431 528 2494 sic
545 2513 546 2516 Ἴ
561 2431 767 2494 abundanter
800 2435 873 2508 post
910 2430 983 2494 adv,
1021 2431 1103 2514 πλὴν
1139 2433 1313 2512 scriptores
1352 2432 1477 2497 AttIcos

253 2536 402 2615 posuisse
435 2536 659 2600 demonstrare
690 2536 803 2600 debuit
834 2534 936 2599 Class.
985 2537 1167 2601 Articulum
1198 2545 1271 2618 post
1301 2563 1327 2602 τι
1358 2541 1479 2603 omIttit

254 2642 371 2717 Vade,
401 2641 475 2706 ideo
506 2641 654 2715 fortasse,
686 2644 763 2723 quia
791 2643 979 2706 coniunctio
1007 2645 1117 2723 paullo
1147 2647 1251 2709 rarior
1273 2648 1477 2726 pronominis

252 2747 350 2813 indes.
369 2756 401 2812 ct
415 2749 544 2813 articuli
558 2768 626 2813 non
640 2748 806 2813 intellecta
821 2755 899 2813 erat.
948 2750 984 2812 ln
999 2751 1102 2814 Vatic.
1121 2753 1274 2816 scribitur
1288 2755 1320 2816 at
1333 2753 1456 2834 Συράκ.
1469 2780 1478 2828 ,-

253 2856 310 2918 sed
335 2856 473 2919 artibulo
498 2854 591 2920 facile
616 2873 777 2932 caremus,
804 2853 844 2918 cl.
871 2855 923 2930 VI,
952 2854 1003 2930 75,
1030 2858 1066 2930 4;
1093 2857 1145 2933 88,
1175 2859 1248 2923 10st

343 2962 375 3040 3,
398 2963 414 3024 1
436 2963 552 3027 melius
572 2961 710 3026 fortasse
730 2963 763 3024 in
783 2961 886 3026 Vatic.
907 2961 942 3024 τὸ
960 2967 1087 3044 πρῶτον
1106 2965 1258 3028 scribitur
1275 2965 1362 3051 (cett.
1381 2969 1473 3031 artic.

253 3066 430 3154 omittunt).
465 3106 509 3114 -
537 3068 652 3132 Paullo
689 3067 772 3133 intra
805 3069 905 3132 etiarn
945 3069 1038 3131 baur.
1077 3073 1291 3154 προσπέμπει
1328 3074 1473 3152 praebet.

253 3176 346 3254 Quod
370 3177 405 3238 In
424 3176 528 3239 Vatic.
550 3176 660 3248 ἐξιέναι
678 3182 731 3258 τῆς
745 3175 889 3245 Σικελίας
908 3176 1150 3254 praepositione
1170 3179 1293 3242 omissa
1312 3179 1473 3252 scribitur,

252 3300 314 3346 nec
342 3282 548 3362 Thucydides
578 3279 620 3366 (v.
652 3279 793 3366 Betant.)
828 3300 889 3346 nec
923 3283 1023 3346 ceteri
1053 3284 1227 3364 scriptores
1256 3304 1373 3364 prosae
1404 3305 1474 3351 ora-

251 3389 350 3452 tionis
382 3387 483 3452 verbo
516 3389 626 3460 ἐξιέναι
658 3389 845 3468 genetivum
873 3389 997 3451 nudum
1025 3389 1229 3454 addiderunt.
1254 3429 1302 3469 ,-
1331 3392 1367 3455 ln
1390 3391 1412 3477 ξ
1436 3394 1472 3457 3;

251 3495 332 3578 πρὸς
349 3503 395 3578 τῷ
412 3495 534 3557 ἑαυτῶν
553 3491 683 3580 (Vatic,
705 3496 817 3558 ἑαυτοῦ
837 3490 927 3578 cett.)
951 3495 1038 3576 τείχει
1061 3495 1195 3574 pluralis
1218 3499 1293 3563 ideo
1317 3501 1474 3564 maiorem

252 3601 348 3666 iidem
372 3601 481 3676 babet,
508 3601 596 3681 quod
624 3601 804 3665 insolenter
826 3601 939 3664 Niciae
966 3619 1078 3664 murus
1107 3603 1239 3679 dicitur;
1275 3624 1474 3687 quamquam

343 3866 351 3896 ¹
371 3865 500 3920 Similiter
522 3866 542 3933 Ι,
568 3865 630 3928 131,
656 3865 670 3918 1
694 3863 722 3918 in
747 3864 873 3918 omnibus
896 3864 972 3919 codd.
997 3871 1104 3934 praeter
1128 3869 1206 3922 baur.
1230 3868 1296 3936 πρὸς
1320 3868 1390 3936 (τοὺς
1408 3872 1474 3938 βαρ-

250 3955 359 4023 βάρους)
379 3970 427 4024 pro
446 3954 547 4008 rarlore
565 3953 596 4012 ἒς
615 3953 793 4007 substitutum
813 3957 866 4017 est;
886 3955 934 4008 sed
954 3955 1000 4009 etr.
1021 3956 1081 4025 132,
1100 3957 1124 4010 l.

341 4041 411 4097 ²Ad
429 4043 585 4111 genetivum
603 4043 727 4095 κινδύνου
747 4041 789 4110 (cf.
810 4042 853 4112 ΙΙΙ,
871 4042 922 4112 49,1
934 4043 971 4112 4),
990 4045 1035 4114 qui
1055 4061 1069 4098 e
1088 4046 1234 4100 locutione:
1257 4046 1329 4114 παρὰ
1352 4055 1475 4101 τοσοῦτον

250 4131 336 4185 ἐλθεῖν
358 4131 402 4199 (cf.
421 4131 487 4200 VIII,
507 4133 548 4198 76,
568 4131 596 4185 4:
624 4131 685 4198 παρ’
711 4130 843 4198 ἐλάχιστον
865 4131 959 4196 ἐλθεῖν,
984 4134 1044 4187 Eur.
1065 4135 1169 4188 Heracl.
1197 4136 1261 4190 295:
1284 4134 1356 4202 παρὰ
1377 4138 1475 4204 μικρὸν

250 4220 354 4289 ἐλθεῖν),
382 4237 438 4274 non
461 4237 476 4274 e
500 4221 584 4274 verbo
607 4227 728 4272 τοσοῦτον
752 4220 810 4274 solo
834 4221 942 4289 pendet,
971 4223 1161 4291 explicandum
1180 4225 1269 4278 afferri
1288 4229 1377 4293 potest
1396 4227 1474 4282 loeus

251 4310 378 4365 Isocratis
406 4309 471 4379 (XV,
502 4310 576 4378 122);
604 4308 700 4376 μικρὸν
727 4309 861 4361 ἀπολιπεῖν
888 4317 941 4362 τοῦ
968 4309 1006 4379 μὴ
1027 4341 1059 4349 --
1078 4321 1238 4378 περιπεσεῖν,·
1268 4313 1368 4368 rectius
1394 4315 1474 4382 igilur

251 4400 376 4456 vertitur:
399 4402 486 4467 (tanto
505 4397 521 4452 i.
542 4400 576 4465 e.)
602 4401 660 4453 tom
676 4415 772 4468 parco
793 4401 964 4453 disertmine
983 4403 1010 4452 S.
1025 4404 1190 4469 periculum
1208 4405 1371 4471 effecerunt
1390 4421 1472 4473 quam

250 4505 283 4542 co
306 4491 433 4558 periculi
455 4491 482 4541 S.
507 4489 644 4543 uenerunt
662 4487 760 4556 (Valla)
782 4489 827 4542 vel
851 4489 911 4542 tum
931 4505 1023 4558 prope
1047 4491 1086 4542 cd
1101 4493 1265 4557 periculum
1284 4495 1312 4544 S·
1335 4497 1473 4548 uenerunt

251 4577 452 4647 (Puppe-Statii,
472 4576 508 4631 ad
526 4577 568 4638 ΠΙ,
588 4575 631 4639 49,
651 4575 687 4642 Ι).
