3262 5052
849 315 913 380 114

271 495 460 576 praesertim
484 513 560 560 oum
579 494 660 578 ἀρχὴ
681 494 727 558 sic
748 494 950 558 intellectum
965 491 1030 559 lere
1045 494 1131 558 idam
1146 511 1186 558 ac
1200 492 1360 566 πλεονεξία
1374 493 1495 568 valeat,

271 620 333 666 nee
357 601 437 684 ἀρχὴ
462 603 481 684 ἡ
507 600 557 664 διὰ
576 601 755 674 πλεονεξίαν
774 605 864 666 recte
884 599 1025 678 dicatum
1051 601 1220 681 antiquam
1238 600 1382 680 glossam
1400 601 1499 664 αἴτιον

245 701 354 784 'essa
381 714 413 772 et
436 707 539 772 schol.
567 713 599 771 et
622 707 755 789 Dionys.
781 727 812 787 p.
840 707 904 771 894
927 713 1097 772 testantur.
1148 705 1212 772 Sed
1235 704 1375 770 fortasse
1398 706 1513 770 etiam

251 813 437 892 articulus,
474 813 529 894 qui
562 812 778 894 dittographia
811 812 964 878 facillime
994 814 1135 894 irrepere
1159 820 1295 894 poterat,
1330 813 1498 878 tollendus

271 926 330 996 est,
360 929 396 984 ut
423 920 464 983 ad
492 919 584 1003 ἀρχὴ,
612 921 697 986 sicut
724 921 759 984 in
787 921 943 1001 proximis
966 920 1008 984 ad
1030 920 1066 983 τὸ
1088 921 1269 1002 πρόιλομον,
1292 919 1331 1003 ἦν
1353 920 1405 984 νεΙ
1430 920 1498 1001 ἐγέ-

270 1050 338 1090 νετο
361 1026 523 1092 audiatur.
550 1063 591 1072 -
617 1027 712 1106 Quod
736 1025 820 1092 inira
843 1027 1009 1092 scribitur:
1034 1027 1112 1109 μετὰ
1132 1028 1246 1110 ψήφου
1265 1028 1378 1092 ἀδίκου
1398 1049 1498 1090 κατα-

271 1135 427 1215 γνώσεως,
460 1133 599 1196 dubilari
633 1152 701 1197 non
732 1140 850 1214 potest,
886 1134 964 1215 quin
996 1135 1133 1199 verbum
1163 1134 1438 1215 καταγνώσεως
1462 1140 1499 1196 ut

271 1240 435 1320 glossema
458 1239 611 1304 vocabuli
633 1241 747 1323 ψήφου
771 1240 1022 1322 expungendum
1047 1241 1102 1316 sit;
1132 1257 1240 1322 neque
1268 1240 1355 1304 enim
1383 1246 1499 1322 ψῆφον

270 1348 532 1428 καταγιγνώσκειν
562 1345 686 1412 Graece
716 1346 836 1410 dicitur
863 1353 895 1411 et
922 1353 1034 1429 ψῆφος
1061 1346 1191 1426 saepius
1219 1347 1260 1410 de
1288 1347 1409 1410 iudicio
1439 1365 1499 1428 per

271 1453 448 1518 sententias
477 1451 563 1517 lacto
592 1453 733 1534 positum
762 1453 926 1518 invenitur
951 1449 1004 1538 (cf.
1030 1472 1060 1516 v.
1087 1471 1116 1518 c.
1142 1453 1224 1518 lsae.
1251 1453 1304 1527 Vl,
1329 1451 1379 1538 λγ
1410 1453 1497 1518 Thu-

271 1559 405 1641 cydides
437 1560 578 1640 denique
611 1559 675 1624 alio
708 1578 806 1624 sensu
840 1559 1039 1630 vocabulum
1071 1561 1267 1641 κατάγνωσις
1298 1559 1349 1635 ΙΙΙ,
1388 1560 1439 1636 16,
1480 1562 1495 1624 l

270 1667 389 1746 posuit.
437 1666 506 1730 Nec
542 1666 576 1728 in
614 1666 790 1746 exemplari
827 1685 887 1730 suo
921 1666 1130 1732 scholiastam
1164 1665 1281 1747 legisse
1314 1673 1403 1746 puta,
1441 1668 1498 1748 qui

270 1772 390 1843 ἀδίκως
425 1773 718 1855 καταψηφιζόμενοι
755 1773 974 1853 adscripserit.
1024 1772 1059 1836 In
1096 1773 1182 1836 idem
1216 1774 1381 1838 Herwerd.
1417 1774 1498 1838 inci-

270 1879 356 1942 disse
380 1879 488 1943 video.

361 1983 420 2058 83,
447 1986 475 2048 1.
514 1985 549 2048 τὸ
572 1987 695 2069 εὔηθες,
714 1983 753 2050 οὗ
772 1986 807 2050 τὸ
827 1993 968 2068 γενναῖον
985 1987 1125 2050 πλεῖστον
1142 1985 1280 2070 μετέχει]
1295 1987 1377 2050 haec
1392 1987 1498 2051 verba

270 2092 367 2172 vulgo
386 2093 434 2156 sic
448 2093 717 2173 interpretantur:
744 2093 946 2174 simplicitas
964 2094 1058 2158 cuius
1072 2093 1274 2174 generositas
1288 2099 1338 2158 est
1352 2094 1498 2159 maxime

270 2199 432 2280 particeps
458 2200 479 2262 i.
511 2217 540 2264 e.
573 2218 613 2264 ex
646 2218 712 2281 qua
748 2201 950 2281 generositas
988 2201 1129 2264 maxime
1166 2204 1311 2271 constat;
1351 2199 1409 2264 sed
1449 2201 1498 2264 sic

271 2313 408 2386 accepta
430 2307 533 2387 magis
557 2306 780 2372 definitionem
805 2307 946 2375 notionis
969 2314 1024 2372 τοῦ
1048 2307 1189 2389 γενναίου
1213 2324 1312 2386 quam
1338 2312 1394 2370 τοῦ
1423 2308 1498 2390 εὐή-

270 2412 351 2481 ιλοος
374 2411 521 2476 afferunt.
570 2413 726 2494 Equidem
752 2415 799 2478 sio
823 2415 931 2493 potius
951 2414 1116 2478 verterim:
1143 2413 1237 2476 cuius
1257 2413 1400 2477 maxima
1419 2431 1498 2493 pars

270 2519 471 2598 generositas
495 2526 545 2584 est
567 2521 588 2584 i.
615 2538 643 2584 e.
670 2538 759 2603 quae
782 2518 939 2586 manime
959 2517 1225 2604 cpenerositatc
1241 2521 1376 2584 constat
1390 2516 1499 2604 (uhvis

270 2624 474 2706 vaesenligste
492 2624 685 2690 bastanddel
705 2645 740 2690 er
759 2627 823 2690 den
842 2627 924 2690 aedle
943 2625 1193 2711 taenkemadeul.
1214 2625 1299 2711 -ξ
1321 2626 1352 2690 2.
1391 2629 1497 2708 κρείο-

271 2753 346 2801 σους
369 2731 403 2794 δὲ
427 2732 512 2801 ὄντες
535 2732 668 2803 ἅπαντες
689 2733 832 2814 λογισμῷ
854 2734 886 2802 ἐς
903 2732 939 2796 τὸ
957 2734 1137 2798 ἀνέλπιστον
1153 2739 1208 2796 τοῦ
1225 2733 1375 2817 βεβαίου]
1398 2735 1496 2800 scho-

271 2837 382 2901 liastes
406 2837 502 2902 adh.
529 2837 548 2900 l.
574 2839 719 2920 ῥέποντες
742 2835 982 2920 (inclinantes)
1007 2840 1185 2918 adnotavit,
1211 2859 1310 2920 quem
1333 2841 1361 2903 si
1379 2858 1497 2922 seque·

272 2962 353 3019 mur,
379 2943 462 3008 hacc
486 2944 648 3009 sententia
671 2945 746 3008 erit:
772 2963 847 3008 cum
872 2963 987 3010 omnes
1010 2946 1260 3012 ratiocinatione
1279 2948 1321 3010 ad
1342 2947 1496 3028 despera·

270 3051 392 3115 tionem
419 3049 472 3134 (cl.
501 3051 537 3127 ll,
563 3051 617 3126 51,
642 3049 675 3136 4)
701 3052 886 3116 securitatis
910 3053 1094 3132 superiores
1118 3060 1228 3118 essent
1253 3051 1305 3137 (cl.
1328 3073 1356 3117 c.
1378 3053 1432 3128 38,
1457 3055 1494 3120 5:

270 3158 387 3239 ἄριστοι
419 3157 610 3244 ἀπατᾶσθαι)
644 3159 665 3220 i.
697 3175 725 3222 e.
763 3175 841 3222 cum
874 3155 1095 3224 ratiocinatio
1125 3157 1282 3224 omnium
1315 3179 1352 3224 co
1375 3158 1494 3242 potius

271 3261 466 3339 inclinaret,
504 3269 538 3330 ut
570 3261 791 3330 securitatem
824 3261 1061 3348 desperarent.
1110 3266 1212 3330 Aliter
1244 3285 1351 3348 neque
1382 3274 1497 3333 tamen

271 3378 369 3446 recte,
397 3373 523 3451 opinor,
550 3372 659 3436 locum
680 3371 741 3437 Dio
762 3371 852 3437 Cass.
879 3373 1047 3449 intellexit,
1074 3374 1167 3438 cuius
1191 3375 1255 3438 hoc
1279 3373 1497 3455 fragmentum

273 3476 339 3562 (49)
374 3484 476 3542 extat:
511 3480 666 3562 κρείττους
698 3480 730 3550 ἐς
762 3479 796 3542 τὸ
829 3480 948 3562 ἀφανὲς
975 3487 1030 3544 τοῦ
1056 3481 1219 3563 προδήλου
1251 3479 1280 3565 [i.
1307 3500 1335 3546 a.
1363 3485 1382 3564 ἢ
1406 3482 1439 3552 ἐς
1461 3483 1497 3546 τὸ

270 3583 441 3670 πρόδηλον]
469 3593 515 3667 τῷ
537 3586 678 3669 λογισμῷ
702 3587 887 3668 γιγνόμενοι,
914 3593 949 3649 ut
968 3593 1116 3652 nostrum
1135 3587 1245 3652 locum
1264 3589 1311 3651 sic
1326 3589 1497 3668 accepisse

270 3691 434 3756 videatur:
469 3711 546 3756 cum
577 3692 783 3756 ratiocinatio
808 3693 953 3756 omnium
979 3695 1081 3774 magis
1105 3694 1147 3758 ad
1169 3695 1371 3774 insperatum
1395 3713 1498 3775 quam

271 3797 313 3860 ad
336 3796 433 3863 fidem
457 3799 638 3863 inclinaret.
688 3797 832 3864 Stahlius
856 3800 998 3880 denique
1021 3799 1122 3864 verba
1148 3807 1203 3864 τοῦ
1230 3801 1360 3884 βεβαίου
1387 3821 1447 3882 pro
1477 3806 1497 3886 ἢ

270 3911 316 3986 τῷ
346 3905 467 3987 βεβαίῳ
494 3902 596 3979 (data
612 3901 712 3994 fida)
742 3907 849 3986 posita
877 3925 950 3971 esse
981 3905 1033 3990 (ol.
1060 3906 1112 3981 ΙΙΙ,
1142 3907 1170 3980 1,
1199 3905 1229 3992 1)
1254 3913 1360 3988 putat;
1396 3927 1498 3989 quam

270 4010 569 4090 interpretationem
593 4030 699 4092 neque
724 4012 827 4076 schol.
855 4012 948 4094 (πρὸς
970 4013 1005 4076 τὸ
1027 4013 1072 4096 μὴ
1096 4014 1225 4087 ἐλπίζειν
1246 4015 1344 4077 πίστιν
1366 4015 1421 4078 καλ
1443 4018 1496 4098 βε-

270 4117 431 4200 βαιότητα)
456 4135 563 4198 neque
578 4118 639 4182 Dio
663 4125 796 4184 tuentur
819 4137 926 4200 nequa
945 4120 1115 4197 sententia,
1142 4139 1237 4201 quae,
1265 4121 1292 4184 si
1310 4120 1373 4185 adi.
1393 4123 1496 4202 κρείσ-

271 4247 346 4294 οονς
360 4224 490 4304 proprio
506 4240 605 4288 sensu
625 4225 765 4305 positum
786 4244 860 4290 esse
879 4227 1091 4302 existimatur,
1114 4245 1179 4292 non
1200 4244 1278 4294 curn
1297 4224 1496 4310 superiores

272 4333 393 4409 essent,
419 4331 477 4396 sed
501 4347 579 4396 cum
602 4329 801 4415 superiores
825 4327 893 4396 sibi
916 4349 989 4396 esse
1014 4327 1215 4398 uiderentur
1237 4333 1369 4416 flagitat.

363 4436 422 4512 84,
458 4438 486 4501 1.
521 4438 574 4502 καὶ
607 4438 709 4502 ὁπόσα
742 4439 830 4522 ὕβρει
859 4439 918 4522 μὲν
940 4477 984 4486 ——
1007 4441 1038 4504 oi
1060 4440 1307 4524 ἀνταμυνόμενοι
1330 4441 1495 4526 δράσειαν]

271 4551 359 4610 recte
383 4545 496 4626 Poppo
520 4552 552 4610 et
576 4544 721 4610 Stahlius
754 4547 796 4609 ad
830 4547 966 4612 verbum
996 4547 1142 4629 δράσειαν
1169 4549 1361 4628 particulam
1384 4550 1424 4612 dr
1448 4567 1496 4614 re·
