3244 5060
725 373 768 439 45

139 556 260 620 πόλεων
283 554 427 634 intellegi
449 555 526 618 licet
550 551 602 638 (cl.
623 554 676 630 40,
703 549 733 638 1)
755 559 788 616 et
807 552 1013 634 Thucydides
1036 553 1144 632 potius
1169 551 1362 635 ξομμαγλδες

141 663 245 726 solum
269 663 434 742 posuisset
459 658 608 745 (Poppo).
658 659 766 724 Verba
797 665 861 722 τῶν
893 662 989 741 ξομμ.
1022 678 1081 739 pro
1114 659 1231 739 spuriis
1263 658 1363 723 habet

142 768 294 845 StahliuS,
327 768 385 833 sed
413 768 570 848 originem
598 767 804 848 glossematis
828 784 943 846 parurn
967 766 1155 830 credibilem
1180 766 1358 847 proposuit.

141 875 312 957 —Supra
343 875 479 940 verbum
511 873 735 956 ἐπρεσβεύοντο
762 873 796 936 in
820 873 923 936 Vatic.
951 873 1116 936 scribitur:
1151 873 1206 936 καλ
1232 873 1361 953 ἐπορεύ-

140 1007 216 1057 οντο,
240 980 281 1047 cl.
308 982 383 1046 adn.
411 981 451 1044 ad
477 981 543 1057 ΙΙΙΙ,
571 980 623 1055 73,
652 981 680 1043 1.

227 1089 261 1162 8,
286 1088 306 1151 2
331 1089 492 1169 scriptura
517 1089 610 1151 Laur.
646 1085 780 1158 αὐτοὺς
813 1086 922 1169 (πλεῖν)
956 1087 1031 1151 ideo
1060 1085 1274 1166 praeferenda
1300 1091 1360 1158 est,

140 1196 214 1276 quia
250 1195 381 1258 dativus
419 1195 522 1265 αὐτοῖς
559 1194 667 1257 statim
706 1199 781 1273 post
812 1193 901 1266 ἔδοξε
933 1194 1011 1272 poni
1044 1193 1172 1266 debuit;
1211 1193 1252 1256 de
1289 1211 1360 1256 acc.

140 1321 212 1365 cum
245 1301 335 1365 infin.
374 1303 482 1366 locum
517 1301 568 1376 ΙΙΙ,
604 1299 657 1375 30,
695 1300 710 1362 1
746 1298 886 1364 conferri
918 1299 1027 1363 velim.
1085 1298 1172 1364 lnlra
1204 1300 1365 1379 scriptura

140 1409 242 1472 Vatic.
278 1409 522 1491 παρεσκεύαζεν
554 1408 661 1488 aptior
693 1411 753 1481 est,
789 1425 863 1470 oum
889 1405 1085 1471 Chalcideus
1124 1407 1179 1470 illo
1217 1413 1365 1485 tempore

139 1515 285 1578 nondum
319 1532 337 1578 e
370 1515 616 1579 Lacedaemone
650 1511 815 1594 profectus
840 1519 935 1577 esset.
987 1512 1139 1577 Ceterum
1172 1513 1214 1576 ad
1248 1531 1360 1576 accus.

138 1621 312 1703 Ἀλκαμένη
342 1639 360 1684 e
389 1621 611 1701 superioribus
635 1639 702 1683 non
725 1619 811 1683 πλεῖν
836 1616 978 1705 (Stant),
1011 1619 1073 1684 sed
1101 1621 1228 1703 ἔχοντας
1260 1619 1365 1683 audiri

140 1728 224 1791 haud
265 1727 364 1792 dubie
400 1733 489 1791 recte
522 1729 635 1791 statuit
670 1727 787 1803 schol,
827 1745 903 1790 cum
938 1727 1054 1791 eadem
1086 1727 1202 1790 classis
1234 1725 1362 1802 Chium,

143 1834 294 1910 Lesbum,
330 1835 576 1916 Hellespontum
611 1835 739 1898 aditura
772 1839 868 1898 esset.
894 1831 983 1918 -ξ
1012 1833 1033 1898 3
1065 1835 1162 1898 etiam
1195 1834 1229 1896 in
1259 1833 1362 1896 Vatia.

142 1937 184 2024 (in
202 1938 312 2025 litura)
332 1942 482 2023 ἡμίσεας
503 1940 581 2026 (non
602 1938 753 2025 ἡμισείας)
774 1940 935 2016 scribitur,
962 1959 1028 2020 qua
1046 1959 1080 2004 re
1100 1940 1145 2012 fit,
1171 1947 1208 2003 ut
1226 1939 1363 2003 formam

141 2044 248 2111 femin.
270 2047 306 2110 in
326 2070 377 2110 -εα
395 2048 610 2122 desinentem,
637 2066 735 2129 quam
760 2048 1008 2127 antiquissimae
1029 2048 1259 2128 inscriptiones
1279 2064 1363 2126 quae

140 2154 270 2233 quidem
306 2162 417 2217 extent
451 2152 550 2240 (saec.
577 2154 630 2230 ΙΙΙ,
662 2152 719 2217 clr.
746 2153 908 2218 Meisterh.
939 2173 984 2234 gr.
1011 2155 1111 2217 inser.
1137 2153 1201 2216 Att.
1227 2172 1280 2233 pp.
1310 2153 1361 2227 19,

139 2258 190 2346 66)
207 2260 435 2340 comprobant,
452 2261 634 2343 Thucydidi
649 2261 838 2325 abiudicare
853 2260 999 2340 paullum
1014 2261 1170 2324 dubitem.
1204 2261 1240 2323 ln
1256 2260 1360 2324 Vatia.

141 2365 191 2430 τὸν
222 2373 300 2430 νοῦν
331 2368 450 2450 μᾶλλον
482 2373 542 2444 est,
578 2369 635 2432 sed
665 2365 705 2432 cl.
736 2367 803 2444 VH,
836 2368 886 2446 19,
917 2365 938 2430 b
968 2365 1110 2453 (Stant).
1166 2367 1255 2432 ldem
1288 2368 1361 2431 cod.

140 2473 267 2555 ὕστερον
300 2473 596 2557 ἐπιδιαφερομένας
628 2475 830 2539 abundantia
862 2474 941 2538 satis
974 2474 1113 2539 molesta
1146 2475 1290 2550 exhibet,
1330 2475 1364 2537 in

140 2585 212 2643 cett.
240 2585 291 2644 est
312 2581 341 2642 ὕ.
366 2580 503 2662 ὁταφερ.;
530 2581 727 2661 praepositio
743 2583 776 2644 iu
793 2582 896 2645 Vatic.
923 2583 1034 2646 addita
1058 2599 1131 2646 esse
1155 2583 1284 2646 videtur
1309 2579 1361 2666 (cf.

140 2687 178 2748 ad
194 2686 261 2762 Vll,
282 2684 395 2771 16,1)‚
423 2687 484 2750 nisi
508 2686 590 2752 sorte
614 2689 779 2768 glossema
800 2689 929 2770 ὕστερον
943 2689 977 2752 in
992 2695 1069 2753 cett.
1087 2691 1365 2770 praepositionem

139 2792 240 2872 ipsam
264 2793 398 2874 expulit.

230 2899 265 2974 9,
290 2900 309 2963 2
334 2901 369 2963 in
393 2899 497 2964 Vatic.
524 2906 573 2965 est
597 2902 755 2984 διατριβῆς
778 2903 969 2985 γιγνομένης,
1000 2903 1057 2966 sed
1082 2901 1122 2966 cf.
1150 2905 1190 2967 ad
1216 2903 1281 2979 Vll,
1308 2903 1361 2977 49,

140 3006 169 3069 4.
217 3007 307 3070 ldem
335 3007 515 3090 ᾐσθάνοντο
545 3008 688 3081 exhibet;
719 3009 776 3072 sed
805 3009 944 3072 aoristus
974 3010 1149 3073 historicus
1178 3011 1210 3072 h.
1237 3010 1257 3072 1.
1285 3011 1365 3073 satis

141 3120 233 3193 aptus
266 3119 327 3188 est,
363 3111 404 3177 cf.
431 3133 459 3177 c.
489 3115 539 3191 10,
573 3115 606 3178 1:
641 3115 802 3198 κατάδηλα
829 3115 948 3196 μᾶλλον
972 3153 1014 3206 -ss
1037 3117 1148 3199 ἐφάνη.
1173 3154 1215 3162 -
1239 3117 1275 3180 ln
1298 3113 1364 3200 §3

146 3220 248 3284 Vatia.
276 3221 367 3284 solus
391 3222 422 3284 oi
444 3221 478 3284 δὲ
502 3222 598 3304 ὀλίγοι
621 3222 682 3285 καὶ
706 3222 876 3296 ξυνειδότες
898 3223 1042 3302 praebet,
1070 3223 1158 3303 quod
1182 3222 1364 3303 praeferen-

141 3326 215 3390 dum
240 3334 300 3403 est,
327 3327 390 3390 nisi
416 3325 497 3391 forte
520 3329 554 3390 in
578 3328 641 3392 boc
666 3335 698 3392 et
722 3335 797 3393 cett.
820 3335 894 3409 post
914 3353 959 3392 -οι
980 3329 1071 3394 artic.
1093 3331 1124 3392 οῑ
1141 3331 1271 3403 excidit,
1299 3348 1365 3410 quo

141 3430 224 3498 lacto
248 3439 285 3497 ut
308 3435 422 3513 partic.
449 3434 503 3498 καλ
526 3435 702 3500 adderetur
725 3435 909 3515 proximum
933 3444 1012 3501 erat.

233 3540 290 3618 ΙΙΙ,
318 3541 333 3603 1
365 3547 439 3621 post
462 3541 564 3605 verba
586 3543 825 3625 ἐπηγγέλθησαν
847 3541 908 3624 γὰρ
930 3543 964 3606 in
988 3543 1092 3606 Vatic.
1119 3544 1191 3607 solo
1215 3543 1365 3607 scholion

140 3647 171 3708 αλ
192 3646 327 3710 σπονδαὶ
350 3647 496 3712 additum
520 3654 581 3723 est,
617 3649 861 3730 quodpropter
888 3649 1047 3729 pluralem
1072 3651 1193 3732 -dpoav
1222 3648 1364 3736 (dequo
1486 3699 1488 3704 -

142 3749 180 3814 cf.
207 3751 324 3817 Stahlii
357 3754 432 3817 adn.
464 3757 534 3819 crit.
561 3755 602 3819 ad
627 3756 649 3828 Ι,
678 3756 751 3833 126,
778 3755 810 3842 5)
845 3754 966 3820 factum
999 3775 1073 3820 esse
1104 3765 1254 3837 apparet;
1289 3777 1364 3822 cum

142 3865 248 3923 autem
280 3859 377 3924 ludos
400 3862 445 3925 ita
467 3869 503 3925 ut
526 3863 671 3927 indutiae
696 3863 790 3926 simul
814 3864 1036 3928 indicerentur
1059 3863 1268 3928 denuntiatos
1292 3883 1365 3930 esse

142 3967 207 4029 veri
231 3967 338 4031 simile
362 3968 412 4044 sit,
443 3969 493 4032 his
516 3969 625 4033 verbis
649 3969 744 4034 facile
768 3989 929 4035 caremus.
978 3971 1071 4050 Quod
1097 3969 1286 4035 Classenius
1310 3972 1366 4052 qui

146 4071 246 4137 Vatia.
277 4075 425 4154 sequitur
457 4076 670 4140 scholiastam
700 4077 764 4140 alia
790 4079 983 4141 recensione
1012 4083 1110 4158 atque
1143 4097 1192 4154 ea,
1228 4095 1268 4141 ex
1301 4095 1366 4158 qua

142 4178 257 4244 ductus
277 4187 329 4244 est
344 4181 462 4258 Vatia,
489 4202 586 4246 usum
607 4201 680 4248 esse
700 4183 787 4257 dicit,
809 4184 1005 4264 explicatum
1025 4185 1133 4261 velim,
1156 4203 1221 4266 qua
1239 4186 1366 4249 ratione

144 4287 171 4350 ei
195 4288 250 4368 qui
274 4287 378 4352 verba
400 4290 433 4351 oi
455 4289 589 4353 σπονδαὶ
611 4290 645 4353 in
669 4292 846 4370 exemplari
870 4310 930 4355 suo
954 4279 1133 4356 invenisset
1158 4310 1198 4356 ea
1217 4292 1365 4356 omittere

139 4391 172 4454 in
203 4398 348 4458 mentem
382 4395 509 4460 venerit
545 4414 652 4476 quove
686 4397 750 4460 alio
783 4397 881 4461 modo
914 4415 954 4462 ea
985 4398 1218 4463 interciderint.
1280 4395 1366 4462 lnlra

143 4497 243 4565 Vatia.
279 4501 365 4565 male
402 4501 573 4585 Κεγχρεῶν
606 4503 750 4583 praebet.
781 4499 822 4550 '—
852 4503 888 4566 ln
919 4501 942 4589 ξ
974 4503 993 4568 2
1027 4523 1137 4569 veram
1172 4506 1364 4585 scripturam
