3244 5060
744 351 878 418 '46

244 531 375 612 ὑπῆγον
405 529 491 615 (cett.
519 529 647 616 ἐπῆγον)
677 533 819 595 servavit
844 533 947 596 Vatic.
975 570 1016 578 -
1040 531 1106 616 §4
1133 533 1225 596 Laur.
1252 535 1360 596 minus
1383 533 1471 598 bene

243 637 508 718 προσβαλλόντων
532 637 674 710 exhibet,
701 637 741 702 cf.
771 640 836 713 Vll,
864 639 916 714 82,
943 639 974 703 3.

340 744 394 820 ΙΙ,
419 744 438 806 2
463 745 496 806 in
521 745 624 810 Vatic.
653 746 723 808 solo
748 747 834 808 ἔντιμ’
861 747 968 818 ἔδοξεν
991 753 1072 825 part.
1100 745 1279 810 diemissa
1303 747 1468 823 scribitur,

245 849 284 913 cf.
317 851 358 913 ad
385 851 449 923 Vll,
479 845 533 925 66,
565 852 595 914 2.
625 889 664 896 --
689 853 724 914 ln
748 852 770 938 ξ
795 853 1009 935 3Ἃλκαμένη
1036 851 1180 937 (Vatia),
1216 855 1304 934 quod
1337 859 1471 934 propter

245 957 497 1020 collocationem
521 959 695 1022 verborum
716 959 779 1022 ὑπὸ
797 965 861 1022 τῶν
879 961 1008 1041 ἐφόρων
1026 959 1225 1022 reiciendum
1246 967 1304 1035 est,
1331 959 1471 1024 fortasse

243 1064 395 1126 itacismo
420 1064 566 1129 debetur.
616 1066 651 1128 ln
676 1067 792 1130 eodem
817 1075 867 1130 est
891 1067 1102 1148 ἐβουλεύοντο,
1127 1064 1167 1129 cf.
1195 1067 1236 1146 ad
1261 1067 1326 1144 Vll,
1354 1067 1406 1142 72,
1435 1067 1467 1130 2.

275 1180 279 1186 '
339 1170 393 1244 12,
425 1172 440 1232 1
472 1172 506 1234 in
536 1173 638 1236 Vatic.
674 1180 762 1237 recte
795 1181 868 1253 post
900 1173 1076 1255 φθήσονται
1109 1173 1221 1251 partic.
1256 1197 1288 1236 τε
1321 1174 1468 1250 additur3

244 1277 338 1342 idem,
353 1277 426 1359 πρὶν
453 1282 482 1359 ἢ,
516 1277 651 1342 formam
682 1298 749 1342 non
776 1299 852 1344 vere
877 1279 1028 1354 Atticam,
1065 1288 1097 1342 et
1123 1279 1178 1362 τὴν
1204 1285 1268 1342 τῶν
1287 1279 1468 1361 Ἀθηναίων

244 1384 421 1465 ξυμφορὰν,
442 1404 525 1465 quae
546 1387 647 1449 verba
665 1404 818 1465 perversa
836 1386 1102 1466 interpretatione
1122 1391 1193 1450 orta
1212 1405 1284 1450 csse
1305 1385 1466 1462 videntur,

217 1531 219 1538 ›
244 1491 385 1554 exhibet.
431 1490 598 1571 Scriptura
621 1492 782 1556 eiusdem:
809 1492 854 1554 ὅτι
877 1495 915 1574 ἢν
943 1530 982 1536 -
1005 1493 1099 1555 πείσει
1125 1491 1211 1577 (cett.
1238 1493 1313 1555 ὅταν
1337 1529 1380 1536 -
1401 1493 1468 1554 πεί-

245 1595 318 1682 σειν)
339 1599 526 1676 correctori,
552 1600 607 1678 qui
626 1599 818 1661 transitione
839 1598 880 1661 ab
902 1600 1070 1662 enuntiato
1091 1599 1253 1663 obiectivo
1273 1598 1470 1661 admodum

244 1703 406 1765 infinitum
429 1701 515 1766 facta
541 1702 592 1787 (cf.
620 1705 642 1777 Ι,
669 1704 722 1777 87,
748 1706 769 1766 ll
796 1711 827 1768 et
850 1705 967 1785 Krueg.
994 1723 1127 1786 gramm.
1153 1703 1247 1789 §dih
1270 1705 1289 1768 2
1314 1704 1389 1767 adn.
1415 1703 1469 1789 10)

246 1808 390 1872 offensus
414 1817 493 1886 erat,
520 1811 607 1873 haud
632 1811 729 1875 dubie
753 1812 927 1874 tribuenda
951 1820 1009 1875 est.
1051 1812 1231 1876 Collocatio
1248 1813 1341 1874 haur.
1367 1811 1471 1892 λέγων

244 1917 409 1979 ἀσθένειαν
441 1935 483 1980 an
516 1918 706 1996 exquisitior
739 1919 779 1980 sit
809 1919 932 1993 dubito
969 1917 1009 1982 cf.
1042 1919 1180 1982 similem
1215 1919 1469 1982 disiunctionem

244 2024 439 2087 substantivi
468 2030 500 2088 ct
527 2025 667 2104 genetivi
695 2025 771 2089 inde
801 2025 973 2105 pendentis
998 2025 1063 2100 Vll,
1091 2025 1121 2098 2,
1149 2025 1184 2098 33
1216 2025 1266 2103 ΙΙΙ,
1294 2024 1404 2100 314,
1439 2032 1472 2088 et

244 2131 448 2210 participium
483 2132 711 2211 interpositum
744 2133 794 2207 ΙΙΙ,
833 2132 906 2206 109,
943 2132 962 2194 2
997 2131 1167 2214 (διαβαλεῖν
1199 2133 1230 2201 ἐς
1261 2131 1332 2201 τοὺς
1365 2133 1466 2213 ἐκείνῃ

242 2238 371 2320 χρῄζων
388 2238 566 2320 Ἕλληνας);
593 2245 681 2302 certe
705 2239 791 2302 hanc
810 2239 1055 2318 transponendo
1075 2245 1202 2302 mutare
1222 2237 1348 2302 facilius
1368 2238 1468 2301 alicui

243 2345 277 2406 in
305 2351 448 2410 mentem
476 2347 587 2410 venire
612 2352 748 2425 poterat.
798 2343 883 2408 lnfra
908 2346 1012 2409 Vatic.
1040 2346 1130 2408 solus
1153 2351 1242 2409 recte
1265 2345 1470 2425 πιστότερος.

337 2451 379 2516 13
405 2454 439 2514 in
466 2453 566 2516 Vatic.
594 2458 669 2516 ante
700 2453 801 2516 verba
824 2452 887 2515 ὀττό
910 2460 964 2534 τῆς
986 2453 1130 2522 Σικελίας
1153 2453 1243 2515 artic.
1269 2453 1302 2513 ai
1325 2453 1468 2514 omissus

243 2565 302 2635 est,
338 2556 476 2622 fortasse
505 2565 540 2621 ut
568 2559 609 2621 ad
637 2560 859 2640 ἀνεκομίζοντο
882 2557 1093 2634 referrentur;
1130 2560 1187 2623 sed
1212 2558 1252 2622 ad
1276 2565 1356 2640 νῆες,
1390 2576 1467 2622 cum

243 2672 340 2730 autea
369 2671 645 2729 commemoratae
673 2665 735 2727 sint
769 2662 822 2749 (ci.
850 2665 902 2740 Vl,
931 2665 1004 2739 104,
1034 2665 1067 2740 1;
1094 2665 1160 2741 Vll,
1188 2667 1218 2740 7,
1248 2663 1289 2749 1),
1325 2665 1466 2728 articulo

243 2774 335 2835 inviti
367 2791 532 2848 caremus;
568 2769 608 2835 cf.
643 2769 728 2833 infra
759 2776 831 2833 τῶν
864 2770 926 2833 ἀπὸ
958 2779 1012 2853 τῆς
1041 2772 1078 2834 Σ,
1111 2778 1200 2836 νεῶν.
1252 2772 1341 2836 ldem
1374 2771 1466 2835 solus

243 2881 580 2961 ξυνδιαπολεμήσασαι
606 2877 692 2961 (0011.
721 2873 864 2962 ξυμπολ.)
891 2877 1030 2956 exhibet,
1063 2879 1150 2958 quod
1174 2884 1262 2942 certe
1286 2879 1364 2941 satis
1389 2897 1466 2941 eon·

243 2988 341 3060 venit,
368 3004 557 3066 quanquam
581 2985 671 3048 nullo
696 2983 761 3049 lere
787 2984 968 3048 sententiae
992 2984 1112 3047 darnno
1131 2985 1329 3064 praepositio
1349 2985 1467 3049 abesse

243 3098 359 3172 potest.
409 3094 523 3172 Praep.
559 3095 630 3166 ξσν-
662 3093 697 3155 in
730 3091 830 3156 verbo
861 3090 1189 3172 ξογκαταόιαιχιλείσας
1218 3110 1246 3154 c.
1274 3091 1326 3167 28,
1355 3092 1371 3153 1
1397 3091 1467 3155 iure

243 3200 412 3263 damnavit
436 3199 539 3263 Class.

337 3307 393 3380 tl,
420 3308 436 3370 1
466 3307 533 3389 μὲν
560 3307 672 3386 partic.
700 3312 774 3386 post
803 3305 890 3368 αὐτοὶ
913 3307 1030 3386 posita,
1066 3323 1142 3368 cum
1165 3305 1245 3368 nihil
1270 3310 1465 3384 opponatur,

242 3415 295 3476 vix
324 3413 399 3478 ferri
428 3419 544 3494 potest,
575 3432 637 3477 nec
666 3432 848 3494 pronomen
872 3414 978 3492 ipsum
1002 3413 1081 3474 satis
1105 3418 1217 3491 aptum
1241 3416 1305 3487 est;
1339 3429 1381 3474 an
1410 3410 1467 3473 illa

243 3521 351 3585 deleta
373 3521 485 3584 αὐτοῦ’
502 3520 711 3584 scribendum
735 3519 807 3585 cst?
829 3557 872 3566 -
895 3517 917 3603 ξ
941 3519 960 3580 2
984 3519 1164 3582 rectissime
1189 3519 1222 3580 in
1246 3517 1350 3580 Vatic.
1377 3541 1465 3598 γενο-

241 3629 349 3708 μένων
376 3647 435 3707 pro
462 3628 641 3709 λεγομένων
669 3627 830 3691 scribitur.
860 3663 900 3670 -κ
925 3623 946 3709 ξ
971 3624 991 3688 3
1016 3624 1177 3706 διαβάντες
1200 3625 1238 3687 δὲ
1262 3642 1302 3687 ex
1325 3630 1464 3703 utroque

243 3732 453 3797 scribendum
486 3739 549 3806 cst;
589 3735 703 3813 partic.
741 3733 775 3796 δὲ
806 3733 839 3795 in
873 3732 991 3806 Vatic,
1027 3731 1089 3792 nisi
1123 3732 1200 3811 quid
1233 3733 1267 3794 in
1300 3731 1466 3794 enotando

243 3841 358 3915 erravi,
394 3858 451 3919 per
484 3841 715 3920 compendium
744 3839 864 3919 scripta
892 3844 951 3902 est.
1000 3838 1063 3901 Pro
1088 3839 1119 3900 oi
1140 3837 1348 3920 Κλαζομένιοι
1370 3837 1468 3907 εὐθὺς

242 3948 276 4009 in
303 3947 404 4010 Vatic.
439 3953 489 4010 est
522 3947 618 4017 εὐθὺς
641 3948 671 4010 oi
693 3946 759 4019 Κλ,
793 3964 877 4026 quae
911 3946 1122 4024 transpositio
1155 3942 1300 4008 adverbii
1333 3944 1466 4024 propius

243 4053 448 4133 participium
478 4055 674 4119 admovendi
699 4072 800 4118 causa
824 4051 911 4116 facta
935 4070 1007 4116 esse
1031 4052 1159 4115 videtur
1185 4048 1236 4135 (cf.
1264 4051 1291 4114 V
1294 4050 1330 4125 ll,
1359 4050 1387 4125 1,
1413 4047 1464 4136 4);

243 4164 358 4224 contra
390 4160 425 4221 in
458 4161 574 4225 eodem
606 4159 690 4250 inira
722 4161 898 4224 collocatio
931 4161 964 4222 ἐν
995 4165 1142 4239 τειχισμῷ
1173 4180 1204 4220 τε
1235 4159 1347 4226 πάντες
1376 4155 1464 4242 (0011.

242 4269 354 4336 πάντες
376 4267 409 4330 ἐν
431 4263 514 4351 τειχ.)
539 4269 641 4348 magis
664 4268 782 4348 placet.

336 4373 392 4447 15,
419 4374 434 4436 1
459 4375 494 4437 in
521 4375 623 4438 Vatic.
649 4394 708 4455 pro
731 4373 960 4457 μεθεστηκνίας
985 4369 1037 4457 (cf.
1062 4370 1114 4446 76,
1141 4368 1172 4455 3)
1197 4371 1465 4450 interpretamen-

242 4486 312 4544 tum
344 4481 554 4564 ἀφεστηκυίας
586 4482 728 4562 positum
762 4487 820 4545 est.
870 4479 960 4544 Idem
990 4478 1058 4541 οὐκ
1086 4481 1162 4540 ante
1189 4476 1294 4557 ὀλίγας
1317 4477 1462 4556 praebet,

242 4588 330 4668 quod
355 4588 487 4668 quidem
510 4588 660 4652 usitatius
684 4595 743 4661 est,
771 4605 878 4668 neque
901 4591 1013 4648 tamen
1036 4583 1150 4646 dubito
1175 4585 1254 4664 quin
1276 4583 1320 4666 μὴ
1344 4583 1466 4648 servari
