3262 5052
738 325 798 388 111

151 506 338 584 genetivum
365 506 523 585 sequitur,
556 522 663 583 neque
691 503 861 584 genetivus
889 502 1061 566 absolutus
1088 501 1147 564 οὐκ
1175 501 1215 562 ἂν
1242 500 1379 582 ἐχόντων

150 612 214 673 κελ.
241 613 281 674 ad
305 612 393 674 huuc
408 610 635 694 excusandum
650 609 828 690 quidquam
843 609 940 685 valet,
959 627 1035 674 cum
1050 607 1254 689 participium
1267 607 1377 688 πολεμ.

150 736 220 781 non
253 719 339 791 huic,
375 718 434 782 sad
466 717 575 782 verbis
608 718 641 780 tv
672 717 778 798 εἰρήνῃ
812 717 1001 796 oppositum
1034 715 1085 780 sit.
1132 714 1247 794 Neque
1276 713 1378 793 magis

150 820 314 890 Snozoius
339 822 415 910 (aet.
443 843 511 887 soc.
538 823 649 904 philol.
676 821 782 888 Oxou.
811 821 907 908 1885)
937 822 1144 903 participium
1170 821 1380 903 προκειμένης

146 938 227 994 ante
260 933 465 1014 προσποιήσει
489 930 649 994 excidisse
673 930 845 1008 suspicans
870 925 1038 1006 satisfacit,
1075 929 1196 1010 quain
1219 927 1380 1007 scriptura

146 1037 252 1102 dativi
274 1045 333 1121 τῇ.
350 1038 512 1101 ,κακώσει
534 1037 588 1100 καὶ
602 1087 608 1099 .
625 1037 849 1120 ,προσποιήσει
871 1035 1015 1116 intellegi
1038 1041 1216 1116 nequeunt.
1265 1033 1379 1098 Melius

147 1143 337 1225 Kruegcrus
364 1145 476 1225 partic.
503 1160 523 1206 a
545 1143 647 1208 verbo
670 1143 842 1224 πολεμοῦν
865 1142 992 1206 ducens
1010 1141 1119 1206 vertit:
1149 1136 1218 1205 «aa
1235 1137 1286 1205 sie
1304 1135 1381 1204 siclt

149 1246 394 1335 oerseindetert
420 1248 485 1336 (die
498 1248 644 1314 Atheuer
660 1250 728 1313 und
744 1247 1048 1334 Lakedamonier)»‚
1075 1249 1134 1313 sed
1157 1248 1266 1328 potius
1288 1248 1380 1310 πολε-

144 1358 359 1438 μωιῖένεων
381 1357 522 1437 positum
556 1354 684 1428 luisset3
720 1354 909 1420 Classenius
938 1357 1016 1420 satis
1043 1354 1168 1419 infinite
1196 1354 1305 1418 locum
1334 1354 1381 1418 sio

145 1465 261 1528 vertit:
291 1483 407 1528 «weun
431 1464 477 1528 sie
501 1464 535 1526 in
559 1463 811 1543 Kriegszustand
830 1468 972 1527 versetzt
990 1462 1159 1526 wurden».
1209 1461 1378 1541 Equidem,

145 1577 183 1632 ut
210 1571 358 1635 membra
381 1571 521 1635 alterum
545 1570 638 1634 alteri
656 1575 811 1634 accurate
830 1570 1063 1650 respondeant,
1085 1568 1196 1632 locum
1215 1569 1263 1632 sio
1284 1568 1380 1632 inter·

145 1685 276 1756 pretor:
303 1695 382 1741 cum
407 1673 602 1753 bellaretur,
629 1684 665 1740 ut
684 1676 827 1740 medium
846 1676 937 1740 verbi
955 1676 1102 1758 πολεμεῖν
1120 1674 1382 1756 impersonaliter

146 1787 296 1863 positum
320 1801 393 1848 esse
418 1790 539 1864 putem,
566 1781 606 1846 of.
634 1783 685 1859 lll,
706 1783 737 1858 6,
761 1781 797 1856 2;
824 1783 1012 1861 1v,23,2;
1038 1783 1079 1848 de
1103 1800 1240 1846 numero
1265 1781 1382 1861 plurali

148 1897 258 1970 genet.
282 1890 387 1954 absol.
410 1889 451 1955 ci.
474 1891 497 1966 l,
523 1891 595 1964 116,
617 1889 654 1963 3;
680 1889 762 1964 viu,
783 1890 837 1966 44,
863 1891 891 1965 1,
914 1895 947 1954 et
964 1889 1077 1954 Matth.
1094 1907 1229 1969 gramm.
1246 1886 1269 1972 ξ
1284 1885 1383 1952 563.1

243 2035 295 2072 -,
322 1996 353 2060 2.
392 1998 512 2080 μᾶλλον
545 1997 580 2061 δὲ
611 1997 665 2060 καὶ
696 1996 901 2081 ἡαυχαίτερα]
934 1997 976 2060 ad
1008 1995 1128 2078 μᾶλλον
1160 2013 1200 2058 ex
1228 1995 1268 2058 iis
1295 2009 1382 2073 quae

148 2104 356 2182 praecedunt
378 2104 491 2184 partic.
516 2104 681 2187 γιγνόμενα
706 2103 810 2166 audiri
833 2108 942 2183 potest
964 2103 1043 2166 iilud
1068 2101 1215 2182 quidem;
1242 2099 1300 2164 sed
1324 2099 1380 2162 du·

148 2211 279 2274 rissime
303 2211 357 2274 hic
381 2211 572 2274 adverbium
596 2217 629 2275 et
647 2211 842 2275 adiectivum
861 2209 1066 2289 copulantur,
1088 2225 1172 2288 quae
1191 2207 1382 2270 coniunctio

153 2318 186 2392 4,
214 2317 250 2388 2;
279 2317 330 2392 13,
357 2317 377 2380 2
402 2317 479 2382 nihii
504 2315 693 2382 offensionis
717 2317 826 2380 habet.
875 2316 1030 2380 Nostrum
1055 2315 1165 2378 locum
1189 2313 1382 2395 Dionysium

153 2423 252 2486 Anah.
282 2423 333 2500 10,
360 2423 397 2488 2:
426 2461 463 2470 -·
479 2425 575 2488 πάλαι
605 2424 680 2488 ποτὲ
712 2423 868 2506 γεγονότα,
902 2420 992 2505 ἧττον
1024 2422 1059 2486 δὲ
1090 2421 1145 2484 καὶ
1170 2421 1291 2504 μᾶλλον
1319 2419 1382 2482 κτλ.

151 2530 314 2594 imitatum
343 2549 416 2594 esse
441 2530 686 2596 Bloomfieldius
713 2530 807 2606 vidit;
841 2548 906 2610 quo
930 2529 1006 2594 loco
1030 2527 1224 2592 adducimur
1247 2533 1283 2591 ut
1306 2532 1383 2591 ante

152 2639 339 2719 ἡσυχαίτερα
364 2637 555 2702 adverbium
579 2636 695 2720 ἧσσαν
717 2637 763 2700 ita
785 2636 954 2701 excidisse
968 2641 1131 2716 putemne,
1156 2641 1192 2699 ut
1210 2640 1267 2698 aut
1285 2633 1383 2716 ἧσσον

152 2744 255 2826 ἥσυχα
289 2745 446 2824 scriptum
479 2741 575 2808 fuerit
607 2750 663 2808 aut
693 2744 727 2806 in
760 2743 873 2808 litteris
906 2744 1032 2826 χαλτερο
1065 2742 1153 2806 aliud
1184 2741 1382 2805 adiectivum

155 2846 310 2932 (galandi
336 2849 410 2935 [viau
435 2849 543 2932 ἀτηρὰ,
567 2848 701 2932 ductat»
728 2848 914 2936 Gertziusl)
940 2850 1055 2922 lateat,
1081 2849 1161 2912 satis
1184 2847 1271 2910 enim
1295 2849 1382 2910 inso-

154 2955 260 3020 lenter
283 2953 381 3020 οιαλα
405 2952 595 3039 tranquillo
620 2957 751 3039 (χαλεπὰ
767 2957 926 3038 -ἡσοχλ
951 2956 1115 3020 dicuntur.
1141 2989 1176 2998 -
1208 2953 1258 3016 Ad
1283 2952 1383 3017 verba

156 3081 240 3142 quae
271 3061 357 3126 infra
388 3062 589 3128 scribuntur:
625 3064 672 3134 ὡς
698 3066 737 3126 ἂν
765 3065 919 3127 ἕκασται
942 3064 975 3126 αἱ
996 3059 1166 3143 μεταβολαὶ
1187 3065 1252 3123 τῶν
1274 3062 1381 3132 ξυνευ-

154 3173 233 3251 χιῶν
256 3171 439 3252 ἐφιστῶνται
468 3169 662 3234 scholiastes
689 3171 872 3234 adnotavit:
908 3171 954 3239 ὡς
987 3168 1165 3248 συνέβαινεν
1197 3168 1381 3247 ἑκασταχοῦ,

156 3293 221 3354 qua
251 3293 287 3340 re
320 3276 482 3340 adductus
510 3277 627 3358 Krueg.
657 3277 811 3347 ἑκάστοις
839 3275 1051 3340 scribendum
1080 3291 1154 3338 esse
1176 3272 1305 3338 censuit
1329 3269 1381 3355 (de
1432 3307 1435 3314 ·

157 3381 266 3446 dativo
291 3380 332 3446 ct.
360 3381 460 3463 Soph.
488 3381 525 3447 0.
553 3383 591 3446 R.
619 3381 707 3466 777),
734 3384 822 3463 quod
842 3384 883 3446 ad
902 3388 967 3446 τῶν
985 3381 1171 3462 ἀνθρώπων
1192 3375 1380 3447 referretur;

246 3683 254 3712 ¹
275 3683 362 3738 Huius
381 3683 497 3738 similem
518 3683 607 3736 locum
626 3683 645 3748 l,
665 3684 707 3749 20,
729 3685 743 3738 1
763 3684 860 3738 auterre
878 3683 955 3738 libet:
980 3680 1010 3734 τὰ
1031 3679 1145 3748 μὲνοῦν
1162 3675 1259 3731 παλαιὰ
1278 3685 1383 3730 τοιαῦτα

157 3769 247 3838 ηὗρον,
270 3771 392 3838 χαλεπὰ
415 3773 490 3824 ὄντα
511 3771 586 3823 παντὶ
605 3771 665 3840 ἑξῆς
684 3773 818 3842 τεκμηρίῳ
835 3779 979 3835 πιστεῦσαι,
998 3770 1044 3824 ubi
1064 3769 1225 3837 scripturam
1243 3769 1385 3836 vulgatam

157 3865 249 3914 contra
271 3859 438 3928 Kruegerum
463 3867 515 3912 πᾶν
538 3881 559 3912 ιι
583 3861 763 3916 conicientem
787 3861 854 3914 satis
874 3867 965 3916 tuetur
984 3859 1115 3927 stannus,
1134 3857 1184 3911 sed
1202 3856 1294 3910 miuus
1313 3857 1385 3910 bene

157 3949 240 4002 verba
258 3947 359 4016 χαλεπὰ
378 3951 437 4002 ὄντα
457 3949 492 4002 ad
510 3947 540 4002 τὰ
554 3949 695 4003 -πσλαιὰ
718 3949 856 4004 rettulisse
878 3949 993 4003 videtur.
1030 3947 1092 4002 Non
1116 3947 1189 4000 euim
1212 3943 1296 4000 rebus
1319 3937 1386 3998 ariti-

158 4037 224 4106 quis,
245 4037 295 4092 sed
313 4037 471 4092 testimonio
490 4038 599 4092 cuilibet
617 4038 700 4093 fidem
718 4039 836 4092 tribuere
856 4038 965 4092 difficile
985 4051 1047 4091 esse
1067 4041 1187 4104 apparet,
1208 4049 1263 4104 qna
1281 4051 1310 4088 re
1328 4050 1386 4102 per·

159 4131 251 4194 specta
276 4127 405 4180 Reiakius
428 4133 563 4180 πισιῶσοι
587 4127 714 4190 comedin
738 4125 865 4196 equidem
884 4127 1016 4195 suspicor,
1035 4126 1122 4180 verba
1138 4122 1239 4192 χαλεπὰ
1258 4125 1318 4177 ὄντα
1337 4140 1386 4192 pro

159 4216 314 4272 accusativo
343 4217 469 4272 absoluto
497 4215 569 4270 idem
598 4217 672 4286 quod
694 4213 807 4284 golanda
830 4215 860 4268 ὃν
883 4213 1045 4284 significanti
1069 4213 1198 4268 habenda
1222 4229 1291 4276 esse,
1316 4212 1386 4266 sicut

159 4304 320 4373 saepissime
338 4303 461 4357 ἀδύνατά
479 4305 531 4356 ε’σιι
550 4305 722 4374 Thucydides
741 4303 814 4368 dixit,
835 4305 868 4358 ci.
889 4305 942 4370 vu,
958 4305 1001 4374 44,
1017 4304 1045 4357 3:
1065 4302 1165 4372 χαλεπὰ
1179 4301 1212 4368 ἦν
1226 4333 1259 4339 -
1274 4301 1385 4368 διαγνῶ-

158 4412 197 4444 ναι
217 4399 243 4447 et
262 4393 281 4456 l,
301 4393 325 4456 7,
347 4393 374 4446 1:
402 4393 589 4460 πλοϊμωτέρων
612 4395 703 4458 ὄντων,
722 4395 764 4456 111,
784 4393 826 4457 20,
846 4395 874 4447 2:
906 4394 989 4446 ὄντων
1007 4392 1135 4460 duplum
1164 4389 1385 4460 necquidquam

160 4482 249 4536 obstat
268 4481 415 4551 quominus
428 4481 448 4550 1,
461 4482 503 4546 73,
517 4481 536 4535 1
553 4482 690 4536 ἀδυνάτων
707 4481 738 4534 ἂν
757 4483 840 4534 ὄντων
854 4511 886 4522 -
901 4481 1055 4552 ἐπιβοηθεῖν
1066 4479 1285 4549 impersonaliter
1296 4478 1386 4548 posita

160 4584 220 4624 ease
239 4574 402 4626 statuamus.
