3262 5052
699 287 761 378 Ιιο

124 463 174 528 ci.
197 465 248 542 lV,
278 465 352 540 108,
378 465 399 528 5
424 462 468 550 (4)
492 473 525 532 et
549 465 666 546 Krueg.
692 465 734 528 ad
758 465 790 528 h.
817 465 838 527 l.
866 503 905 512 ω-
930 463 954 550 ξ
976 463 996 528 5
1021 466 1133 530 nescio
1157 484 1200 530 an
1223 462 1350 546 imperi.

134 573 364 654 προσέβαλλον,
388 573 475 653 quod
498 574 533 637 in
557 573 652 637 Laur.
679 577 777 648 extat,
803 571 843 636 ad
869 577 973 636 totam
995 572 1085 636 illam
1107 591 1217 637 rerum
1241 571 1352 636 condi·

134 681 257 745 cionem
276 679 522 760 significandam
542 681 649 760 aptius
667 680 718 756 sit,
740 676 781 744 cf.
803 677 850 764 §§
871 679 973 752 6—8;
1000 681 1089 761 quod
1103 677 1240 744 fortasse
1255 679 1353 743 etiam

134 806 160 850 c.
184 786 236 862 52,
263 786 294 862 2,
321 786 378 850 ubi
402 787 442 852 de
465 787 708 874 incursionibus
732 787 1049 866 Peloponnesiorum
1073 786 1270 852 continuatis
1289 785 1352 866 agi·

133 901 190 968 tur,
221 913 239 958 e
267 894 362 958 Laur.
392 894 629 958 restituendum
657 898 716 957 est.
744 929 784 939 -
809 894 845 957 ln
869 891 891 978 ξ
917 894 936 955 7
962 894 1014 956 vix
1043 895 1122 958 satis
1154 911 1275 958 causae
1305 897 1355 957 est

133 1019 188 1064 cur
210 1001 337 1080 plenior
355 1001 515 1080 scriptura
534 1001 628 1064 haur.
649 1001 780 1074 ἔξωθεν
800 998 887 1085 (cett.
906 1002 981 1080 ἔξω)
995 1001 1164 1076 reiciatur3
1191 1001 1232 1066 de
1246 1005 1351 1081 genet.

133 1106 171 1170 cl.
197 1107 280 1172 Xeu.
307 1107 413 1171 Auab.
440 1108 478 1186 V,
506 1109 535 1184 7,
562 1107 615 1171 21.
1048 1183 1052 1194 ι

218 1213 277 1293 29,
303 1215 333 1278 1.
381 1212 454 1285 τσὺς
474 1214 533 1296 μὲν
556 1215 592 1278 ἐκ
614 1221 668 1297 τῆς
690 1214 814 1284 πόλεως
834 1213 1024 1296 Ἀθηναίους
1046 1212 1255 1297 λανθάνουσι]
1279 1213 1354 1278 hae·

132 1329 199 1384 rent
227 1323 379 1390 editores.
410 1322 487 1385 dum
515 1340 599 1402 quae
627 1323 690 1386 hae
713 1321 963 1386 Atheniensium
988 1339 1090 1386 naves
1113 1319 1232 1386 brerint
1255 1321 1354 1400 expli-

132 1435 220 1506 cant;
256 1429 401 1493 Stahlius
433 1436 466 1493 et
497 1427 614 1504 Closs,
649 1429 805 1493 Haasium
840 1425 979 1513 (lucubr.
1014 1447 1045 1508 p.
1081 1426 1136 1508 21)
1166 1427 1280 1503 secuti,
1314 1427 1356 1492 de

135 1535 405 1600 «Atheniensibus
438 1536 544 1599 classe
577 1541 708 1601 centum
741 1539 876 1600 navium
909 1533 951 1620 (c.
985 1534 1037 1620 16)
1072 1552 1092 1598 a
1124 1534 1355 1614 Peloponneso

132 1642 359 1705 redeuntibus»
386 1643 437 1722 agi
460 1647 584 1722 putant.
633 1641 693 1706 Cui
717 1643 864 1722 opinioni
893 1659 1092 1722 magnopere
1120 1641 1204 1704 ratio
1231 1647 1354 1721 tempo·

133 1767 200 1810 rum
229 1748 348 1821 obstat,
380 1768 456 1812 cum
482 1749 571 1812 illam
600 1749 739 1813 classem
763 1767 852 1814 anno
876 1749 944 1813 428
968 1754 1000 1812 et
1023 1747 1204 1828 prolectam
1227 1766 1300 1812 esse
1324 1754 1356 1812 et

135 1853 242 1930 (clii,
263 1853 297 1940 4)
322 1857 455 1920 domum
479 1857 661 1926 revertisse.
687 1873 788 1920 naves
812 1862 923 1920 autem
944 1855 1244 1936 Peloponnesiacae
1267 1871 1355 1918 anno

134 1963 277 2040 proximo
301 1962 433 2026 demum
457 1963 616 2028 deductas
640 1981 713 2028 esse
736 1964 882 2044 legamus
909 1961 950 2049 (c.
977 1962 1019 2026 26
1043 1961 1119 2047 in.);
1146 1979 1253 2042 neque
1277 1978 1355 2024 vero

133 2069 170 2132 de
193 2088 233 2134 ea
255 2070 362 2134 classe
386 2089 484 2150 quam
509 2071 726 2136 Athenienses
750 2071 791 2134 ad
820 2071 962 2136 Lesbum
991 2071 1150 2135 miserunt
1174 2067 1216 2154 (c.
1244 2066 1295 2142 18,
1322 2064 1354 2150 3)

134 2194 237 2240 sermo
260 2195 334 2240 esse
358 2183 475 2257 potest,
501 2179 620 2259 quippe
644 2196 729 2259 quae
752 2185 784 2242 et
807 2179 879 2259 ipsa
901 2195 990 2242 anno
1009 2176 1075 2240 428
1095 2182 1234 2240 exeunte
1255 2174 1357 2238 missa

133 2283 171 2345 ad
194 2283 371 2365 Mytilenen
395 2287 587 2364 pervenerit.
637 2285 749 2366 ltaque
772 2286 860 2351 haud
885 2284 984 2348 dubie
1008 2283 1193 2362 Kruegerus
1217 2299 1354 2362 sequen·

133 2389 190 2452 dus
213 2397 274 2465 est,
301 2391 358 2471 qui
380 2391 462 2456 haec
485 2392 587 2456 verba
608 2392 680 2464 τοὺς
702 2393 736 2456 ἐν
757 2399 794 2476 τῇ
817 2392 905 2457 πόλει
929 2392 965 2454 ἐκ
985 2396 1040 2472 τῆς
1057 2389 1182 2459 πόλεως
1200 2393 1357 2452 σκοποῦν-

132 2520 183 2566 τας
206 2497 390 2578 significare
414 2501 537 2563 statuit.

219 2604 280 2678 30,
305 2605 336 2668 2.
376 2607 429 2669 καὶ
448 2609 542 2690 ἡμῶν
560 2609 579 2696 ἡ
599 2607 679 2690 ἀλκὴ
698 2607 841 2689 τυγχάνει
859 2605 992 2688 μάλιστα
1007 2602 1104 2687 οὖσα]
1121 2604 1155 2666 L.
1174 2601 1354 2672 HerbstiUS,

133 2729 227 2788 quem
251 2711 441 2776 Classenius
466 2715 623 2794 sequitur,
649 2714 732 2778 baec
754 2713 856 2777 verba
880 2713 928 2776 sic
953 2710 1095 2790 explicat
1119 2707 1249 2794 (Philol.
1271 2706 1355 2780 XVI,

133 2815 218 2901 305),
245 2825 281 2881 ut
305 2837 346 2883 ex
368 2819 407 2882 iis
432 2839 516 2900 quae
540 2821 755 2901 praecedunt:
780 2817 802 2902 ᾗ
826 2819 941 2883 ἐκεῖνοί
966 2843 997 2881 τε
1024 2817 1196 2882 ἀνέλπιστοι
1223 2813 1357 2894 ἐπιγενέ-

133 2925 205 2988 σθαι
228 2927 267 2989 ἄν
288 2949 355 2989 τινα
379 2928 463 3009 σφίσι
480 2929 631 3010 πολέμιον
645 2928 843 2992 adiectivum
858 2927 1037 2995 ductatores
1056 2924 1097 2988 ad
1115 2921 1259 3005 τυγχάνει
1278 2917 1364 2987 οὖσαΑ

133 3032 233 3095 audiri
255 3038 358 3112 putet.
408 3032 472 3098 Sed
496 3035 579 3100 haec
602 3035 825 3114 interpretatio
849 3033 1063 3112 tautologiam
1091 3030 1225 3092 minime
1254 3025 1357 3091 feren·

134 3137 205 3201 dam
232 3138 342 3214 habet,
373 3158 434 3204 nec
463 3141 546 3206 alios
570 3160 669 3222 quam
693 3139 953 3220 Peloponnesios
977 3144 1133 3201 venturos
1158 3152 1231 3198 esse
1255 3132 1358 3212 suspi-

135 3246 197 3307 cari
220 3251 372 3326 poterant
394 3245 628 3325 Athenienses;
659 3247 796 3323 accedit,
824 3246 913 3327 quod
938 3245 1113 3308 durissima
1137 3241 1273 3306 mutatio
1297 3239 1359 3318 sig-

134 3350 326 3416 nificationis
358 3353 509 3417 adiectivi
542 3354 721 3424 ἀνέλπιστος
750 3353 926 3417 statuenda
961 3357 1058 3416 esset.
1108 3349 1223 3444 Neque
1256 3345 1359 3410 multo

135 3459 231 3538 magis
254 3458 364 3538 placet
387 3458 544 3536 Stahlius,
562 3462 617 3541 qui
631 3462 741 3524 locum
757 3461 804 3524 sic
818 3459 931 3524 vertit:
958 3461 991 3524 et
1003 3459 1210 3522 nostrarum
1231 3449 1360 3518 uirium

134 3560 238 3630 robur
271 3562 429 3630 maxime
460 3563 576 3632 locum
612 3563 733 3648 babet,
765 3567 917 3647 exempla
949 3566 1037 3632 enim
1069 3563 1161 3628 verbi
1184 3559 1262 3624 εἶναι
1285 3576 1360 3622 cum

134 3671 283 3752 adverbio
299 3672 345 3736 sic
360 3674 467 3753 positi,
494 3690 581 3757 quae
601 3676 733 3757 quidem
748 3694 789 3740 ex
803 3675 996 3757 Thucydide
1010 3669 1228 3753 proferantur,
1246 3683 1361 3747 parum

133 3779 236 3842 valent
261 3777 315 3864 (cf.
340 3780 415 3844 adn.
442 3782 483 3844 ad
507 3779 563 3855 lV,
592 3784 644 3857 10,
670 3781 714 3869 3),
740 3781 989 3863 rectissimeque
1017 3781 1082 3844 iam
1110 3777 1231 3856 Krucg.
1261 3773 1361 3837 adno-

133 3887 218 3961 tavit,
244 3887 332 3950 hanc
357 3887 676 3967 Peloponnesiorum
699 3890 975 3970 exsuperantiam,
1003 3883 1196 3966 praesertim
1220 3880 1363 3963 quaein

133 3991 227 4058 dubio
261 3994 312 4068 sit,
348 3995 473 4058 nullum
502 4003 709 4061 momentum
737 3996 777 4058 ad
802 3997 964 4062 incuriam
988 3989 1241 4058 Atheniensium
1264 3985 1362 4066 expli·

133 4099 268 4164 cendam
299 4100 391 4182 (πολὺ
418 4101 453 4165 τὸ
481 4103 678 4186 ἀφύλακτον)
708 4101 845 4166 adferre.
896 4103 969 4185 lpse
1000 4100 1117 4184 μάλιστ’
1152 4095 1279 4160 ἀποῦσα
1311 4091 1363 4156 vel

132 4207 201 4285 μάλ’
235 4208 454 4272 anonumum
488 4209 646 4282 coniecit;
679 4209 831 4291 equidem
863 4211 973 4290 μόλις
1004 4213 1178 4289 παροῦσα
1208 4201 1364 4280 scriptum

134 4309 227 4379 luisse
261 4315 389 4395 opinor,
425 4326 461 4378 ut
493 4316 576 4380 haec
600 4317 761 4380 sententia
784 4317 839 4380 sit:
871 4320 904 4378 et
927 4317 1070 4382 nostrae
1095 4309 1190 4377 atres
1215 4326 1254 4372 re
1279 4321 1365 4370 uero

135 4437 235 4503 aspre
259 4417 413 4487 aderunt
432 4443 458 4486 s.
481 4418 628 4502 adsunt·
651 4441 753 4487 naves
772 4424 858 4487 enim
878 4422 914 4486 in
929 4440 969 4486 eo
984 4427 1088 4495 erant,
1106 4421 1144 4482 ut
1157 4413 1362 4478 advenirent.

135 4525 219 4593 Haec
252 4531 416 4610 scriptura
444 4531 566 4610 optime
596 4531 643 4595 eis
668 4531 831 4604 convenit,
859 4547 946 4608 quae
970 4527 1011 4590 de
1035 4525 1130 4591 tarda
1158 4519 1365 4601 Peloponne-
