3262 5052
728 325 770 390 93

137 506 178 568 At
206 505 415 586 Thucydides
443 505 513 585 ipse
542 523 570 568 e.
600 505 651 583 11,
680 505 695 568 1
725 503 760 567 τὸ
788 503 953 567 ἀντίπαλον
982 503 1052 572 δέος
1078 501 1178 583 μόνον
1200 499 1307 562 πιστὸν
1330 501 1362 569 ἐς

133 614 316 695 ξυμμαχίαν
340 611 430 674 dixit.
470 611 635 692 Kruegero
659 609 760 674 verba
783 610 859 673 ὅ-
874 611 979 673 εὔνοια
999 610 1124 692 βεβαιοῖ
1140 625 1198 687 pro
1219 606 1293 668 ὅ-
1309 607 1360 668 εἴι-

137 742 205 782 νοιο
231 725 321 791 ποιεῖ,
350 719 448 781 πίστιν
475 719 599 800 βεβαιοῖ
623 718 731 798 posita
753 735 826 781 esse
850 717 1005 780 statuenti
1030 713 1156 800 (afferre
1179 713 1283 794 potuit
1307 713 1359 788 VI,
1435 719 1439 724 '

136 823 191 900 33,
208 823 239 910 6)
265 825 424 888 adsentiri
447 825 501 887 vix
524 824 610 900 lieet,
637 841 712 886 cum
736 824 770 886 in
789 830 856 886 tam
876 822 966 886 brevi
986 821 1148 886 sententia
1166 821 1240 884 talis
1258 825 1361 882 trans-

137 931 201 996 itus
224 932 293 996 fieri
316 933 371 994 vix
396 931 551 1012 potuerit;
577 930 694 994 melius
719 927 857 994 fortasse
881 947 973 1008 pron.
1001 930 1019 990 ὃ
1043 927 1206 992 obiectum
1226 927 1362 990 interius

139 1039 226 1118 quod
255 1043 395 1102 vocatur
426 1033 478 1121 (cf.
506 1036 611 1100 Madv.
642 1042 726 1118 synt.
757 1034 779 1121 ξ
808 1036 850 1098 27
879 1035 912 1121 b)
942 1054 1015 1100 esse
1044 1035 1145 1109 dicas
1177 1035 1225 1097 sic
1252 1034 1363 1097 locum

16 1129 17 1140 ¹
137 1150 282 1209 vertens:
309 1139 404 1227 quod
428 1139 517 1207 alios
533 1139 768 1208 benevolentia
783 1139 940 1206 maxime
958 1137 1136 1230 adfictam
1152 1135 1363 1229 conflrman—
1472 1160 1474 1170 ·

138 1246 223 1316 dom
251 1245 373 1335 efficit,
403 1245 441 1313 id
465 1247 501 1313 in
524 1245 624 1314 nobis
649 1247 755 1314 timor
773 1245 932 1337 firmum
952 1243 1119 1332 sociabat
1148 1247 1362 1330 (κήχύροο).

16 1409 17 1442 ,
138 1356 288 1422 Sermoni
316 1363 429 1421 tamen
457 1357 504 1420 sio
533 1362 723 1422 constructo
746 1357 1037 1420 inconcinnitatem
1062 1354 1227 1436 quandam
1255 1355 1363 1417 inesse

138 1465 224 1528 haud
239 1461 447 1544 negaverim.
474 1483 559 1545 quae
584 1463 691 1529 femin.
717 1463 837 1546 ἐχυρὰν
861 1463 982 1544 scripto
1006 1460 1160 1526 facillimo
1183 1461 1316 1526 tollitur.

225 1609 279 1645 —‚
304 1571 336 1635 3.
367 1572 412 1634 ἐπ’
442 1572 579 1642 ἐκείνους
607 1570 701 1654 ἰέναι]
726 1571 848 1650 optima
876 1569 1033 1652 Kruegeri
1062 1569 1256 1642 emendatio,
1289 1587 1362 1632 cum

142 1678 213 1742 libri
236 1679 281 1742 ἐπ’
307 1679 436 1748 ἐκείνοις
462 1677 538 1742 εῖναι
567 1677 755 1757 praebeant.
805 1676 949 1742 Stohlius
978 1696 1066 1742 nuno
1095 1676 1287 1740 Boehmium
1316 1694 1363 1739 se-

16 1797 17 1802 ’
134 1792 233 1850 cutus
265 1787 350 1849 haec
383 1785 484 1850 verba
516 1785 679 1865 expungit,
715 1785 804 1865 quod
831 1783 1025 1865 significatio
1059 1785 1182 1848 contra
1215 1779 1365 1866 aliquem

131 1887 386 1981 proficiscendi
413 1898 445 1956 et
473 1910 581 1956 rerum
610 1891 799 1956 condicioni
827 1898 859 1956 et
891 1892 1051 1956 voluntati
1084 1890 1361 1972 Mytilenaeorum,

141 2000 193 2078 qui
227 2018 325 2062 suum
358 2016 430 2063 esse
462 1998 497 2061 τὸ
528 1999 778 2082 προαμύνοοθοι
810 1996 862 2082 (ol.
893 1994 1006 2081 cxtrr.)
1036 1997 1158 2069 dicant,
1189 2002 1361 2076 repugnem

139 2105 195 2168 sed
218 2125 294 2170 eum
320 2102 441 2180 fefellit,
468 2107 550 2170 haec
574 2105 676 2170 verba
698 2124 765 2168 non
790 2125 830 2170 ex
848 2123 926 2168 vera
944 2123 1053 2168 rerum
1073 2105 1280 2178 condicione,
1307 2103 1364 2166 sed

138 2229 178 2274 ex
209 2231 290 2276 oasu
323 2211 399 2275 ficto
428 2213 534 2292 posita
563 2229 646 2278 esse.
678 2212 795 2292 quihus
824 2212 903 2275 nihil
932 2211 1019 2276 aliud
1045 2228 1142 2291 quam
1167 2209 1365 2288 periphrasis

139 2318 298 2397 quaedam
334 2317 425 2381 verbi
456 2319 728 2402 ἀντεπιβουλεῦοοι
765 2321 981 2382 contineatur.
1031 2315 1114 2380 Cum
1151 2335 1229 2380 vero
1268 2317 1364 2397 legati

139 2425 282 2488 veritatis
306 2425 506 2489 mentionem
532 2424 654 2489 faciunt
681 2425 748 2508 (δεῖ,
772 2444 839 2489 non
863 2425 947 2509 ἔδει),
971 2443 1038 2487 non
1058 2423 1102 2486 tri
1123 2424 1261 2493 ἐκείνους
1279 2425 1364 2495 ἰέναι,

134 2531 194 2596 sed
222 2532 472 2614 upoaptiroodm
499 2534 640 2612 ponitur.
690 2533 803 2612 Neque
832 2551 910 2597 vero
940 2550 1005 2612 quo
1034 2531 1133 2595 modo
1157 2531 1239 2594 haec
1264 2530 1366 2594 verba

140 2637 279 2718 irrepere
304 2640 479 2719 potuerint,
506 2641 585 2704 satis
609 2639 806 2720 explicatum
831 2646 890 2703 est.

229 2744 286 2818 13,
313 2745 341 2807 1.
376 2745 421 2828 μὴ
455 2746 511 2819 ξὺν
542 2751 654 2816 κακῶς
685 2753 784 2810 ποιεῖν
815 2745 929 2817 αὐτοὺς
959 2746 1021 2828 μοί
1047 2743 1244 2827 Ἀθηναίων]
1275 2751 1364 2808 recle
1408 2757 1410 2762 '

139 2849 253 2932 Krueg.
280 2851 402 2926 docuit,
425 2855 695 2934 ξογκοκωσποιεῖν
714 2852 924 2916 scribendum
943 2870 1026 2928 esse,
1050 2869 1148 2931 quam
1169 2851 1363 2930 scripturam

136 2958 210 3022 cod.
236 2958 278 3022 M.
307 2965 339 3021 et
368 2977 486 3022 manus
518 2978 635 3024 recens
669 2960 763 3024 Laur.
799 2960 962 3024 exhibent.
1012 2959 1095 3022 Nam
1128 2957 1225 3020 Attici
1258 2957 1364 3020 ἀντον-

17 3061 18 3092 *
141 3071 245 3138 ποιεῖν,
269 3066 499 3148 ἀνιεοπάσχειν,
523 3068 588 3131 alia
611 3067 773 3130 eiusmodi
797 3067 948 3132 dixerunt
973 3063 1026 3149 (oi.
1052 3064 1164 3128 Matth.
1191 3061 1365 3148 gramm.§

135 3169 211 3248 oct,
238 3168 282 3255 2),
309 3179 341 3236 et
370 3173 397 3235 si
425 3174 622 3254 praepositio
656 3173 712 3247 ξὺν
745 3173 797 3236 hic
829 3172 974 3237 adverbii
1007 3172 1079 3234 vice
1112 3169 1300 3251 fungeretur
1332 3177 1365 3234 et

17 3265 18 3318 i
140 3295 195 3356 per
226 3299 262 3344 se
294 3281 367 3359 ipsa
398 3280 531 3357 valeret,
567 3286 599 3343 et
631 3281 733 3346 verba
765 3299 849 3360 quae
878 3285 1060 3360 sequuntur
1092 3280 1154 3362 μετ’
1185 3277 1365 3360 Ἀθηναίων

140 3385 244 3450 minus
277 3387 453 3450 commoda
485 3393 597 3452 essent
630 3393 662 3452 et
694 3388 802 3468 potius
835 3387 972 3466 simplex
1006 3386 1194 3467 ἐλευθεροῦν
1221 3385 1364 3464 positum

135 3499 231 3556 esset.
280 3493 328 3556 De
350 3493 427 3574 μετὰ
451 3499 483 3557 et
506 3498 577 3569 ξον-
604 3494 789 3559 coniunctis
809 3492 866 3558 cir.
889 3493 969 3569 VIII,
998 3493 1055 3570 13;
1085 3492 1148 3578 [24.
1174 3492 1210 3568 5,
1237 3491 1290 3569 28,
1319 3489 1360 3575 1].

140 3633 180 3642 -
203 3597 225 3684 ξ
249 3599 281 3663 5.
307 3601 419 3683 νομίσῃ
442 3625 474 3664 τε
496 3600 608 3684 μηδεὶς
631 3602 868 3684 ἀλλοτρίαςγῆς
884 3602 955 3683 πέρι
974 3603 1089 3666 οἰκεῖον
1108 3601 1254 3664 κίνδυνον
1268 3600 1363 3684 ἕξειν]

142 3722 199 3768 «ne
228 3706 300 3787 quis
330 3707 452 3783 eredat,
484 3725 583 3788 super
610 3715 697 3772 terra
725 3708 833 3772 aliena
860 3727 895 3772 se
924 3709 1031 3789 ipsum
1055 3707 1236 3788 periculum
1261 3707 1369 3772 aditu·v

138 3827 207 3874 rum
241 3831 347 3876 esse».
397 3812 538 3878 Sensum
572 3815 737 3894 quendam
765 3814 887 3880 habent
910 3816 992 3880 haec
1021 3813 1170 3895 quidem;
1200 3814 1259 3878 sed
1288 3833 1363 3878 oum

141 3933 179 3982 ca
209 3937 295 4000 quae
329 3926 510 4001 sequuntur
541 3921 765 4001 inspiciemus
799 3924 868 3986 οὐκ
901 3924 1016 3987 οἰκεῖον
1049 3920 1258 3986 scribendum
1291 3940 1364 3986 esse

136 4027 314 4106 apparebit,
341 4033 377 4090 ut
400 4027 481 4092 haec
506 4029 670 4093 sententia
693 4027 763 4092 liat:
793 4049 854 4094 «ne
878 4032 951 4110 quis
971 4031 1094 4102 credat,
1117 4025 1155 4092 id
1168 4025 1363 4112 periculum

141 4130 231 4213 quod
263 4151 369 4215 super
398 4137 496 4198 terro
524 4131 641 4200 alieno
670 4131 832 4200 aditurus
861 4134 905 4199 sit
928 4135 977 4202 od
1000 4154 1037 4202 so
1062 4133 1174 4219 ipsum
1198 4154 1268 4198 non
1285 4153 1364 4217 per-

140 4234 260 4312 tinere;
287 4241 340 4303 cui
365 4243 453 4305 enim
473 4241 597 4306 Lesbus
622 4241 736 4322 procul
756 4241 873 4306 abesse
891 4245 1030 4321 videtur,
1054 4246 1083 4310 ei
1104 4263 1150 4308 am
1164 4239 1362 4326 propinquo

138 4344 308 4410 utilitatem
337 4346 482 4412 afferet».
532 4348 712 4414 Confirmat
735 4357 958 4416 correcturum
982 4352 1077 4417 loeus
1101 4349 1284 4414 simillimus
1308 4349 1360 4423 IV,

19 4517 22 4540 ⁸
137 4448 189 4528 95,
212 4453 246 4518 2:
266 4461 413 4538 παραστῇ
432 4454 467 4518 δὲ
488 4456 600 4538 μηδενὶ
622 4457 724 4539 ὑμῶν,
748 4456 795 4526 ὡς
818 4458 852 4520 ἓν
873 4463 911 4540 τῇ
935 4459 1079 4544 ἀλλοτρίᾳ
1102 4460 1144 4521 οὐ
1167 4463 1364 4538 προσῆκον

136 4559 262 4625 τοσόνδε
284 4562 432 4626 κίνδυνον
454 4563 713 4645 ἀναρραιτοῦμεν.
