3244 5060
737 325 779 388 27

148 503 274 566 ίστασαν
305 501 492 578 offenderet,
530 503 618 583 quod
649 503 727 566 satis
751 503 831 568 dure
855 523 872 568 e
897 504 1090 584 pronomine
1118 503 1214 584 longe
1244 511 1370 568 remoto

149 609 253 678 αὑτοῖς
276 627 386 672 accus.
413 608 525 680 αὐτοὺς
548 610 730 674 audiendus
755 616 851 673 esset.
878 648 921 656 -
944 611 980 674 ln
1004 609 1026 695 ξ
1051 611 1071 674 8
1095 610 1200 674 Vatic.
1227 611 1369 691 ῥιπτοῦν-

147 739 194 786 τες
218 715 362 794 praebet,
390 717 448 780 sed
471 717 508 793 ll,
534 716 587 791 49,
615 715 692 779 bin
715 722 853 796 utroque
877 718 990 798 ῥίπτειν
1010 723 1068 780 est.
1117 715 1203 780 lnfra
1224 717 1256 780 in
1272 717 1366 780 Laur.

150 819 193 905 (et
216 821 321 886 Vatia.
348 820 407 908 γρ.)
432 823 598 904 καταβαῖεν
622 823 652 908 οῖ
673 823 732 904 μὲν
755 823 788 885 in
811 823 1026 904 καταβαίνοιεν
1049 823 1227 888 conflatum
1251 829 1309 887 est.

237 927 298 1008 45,
325 929 335 992 1
365 929 400 992 in
423 929 526 994 Vatio.
551 935 679 1012 πρῶτον
703 927 824 1014 (haur.)
849 928 900 992 vel
924 935 1043 1010 πρῶτοι
1068 928 1133 1016 (all.
1161 927 1271 1013 codd.)
1297 935 1369 1009 post

149 1035 239 1100 -ωτοὶ
262 1036 391 1112 excidit,
418 1037 502 1100 sicut
524 1037 559 1099 in
583 1036 677 1098 Laur.
703 1037 822 1118 πρώτῳ
845 1041 920 1116 post
942 1037 1030 1119 αὐτῷ
1053 1038 1105 1112 81,
1131 1037 1162 1100 4.

237 1141 297 1216 lo,
322 1141 341 1204 2
366 1142 471 1206 Vatic.
497 1160 601 1222 paene
631 1142 721 1205 solus
749 1143 844 1224 ἄλλην
867 1143 966 1218 addit,
1002 1141 1140 1206 fortasse
1163 1149 1262 1220 recte,
1293 1161 1370 1207 cum

148 1254 223 1327 post
248 1247 304 1330 τὴν
327 1245 421 1312 facile
446 1249 596 1314 excidere
620 1255 731 1327 posset
755 1254 786 1312 et
810 1247 920 1312 Sicilia
947 1250 1073 1329 reliqua
1096 1249 1269 1330 Agrigento
1297 1249 1370 1313 urbi

148 1360 221 1434 apte
246 1361 439 1434 opponatur.

237 1459 298 1533 47,
323 1460 501 1534 2,verbu1n
525 1461 572 1544 ἦν,
597 1463 685 1542 quod
713 1462 766 1524 hic
795 1461 912 1526 abesse
941 1463 1073 1526 minime
1101 1468 1217 1542 potest,
1252 1463 1371 1526 omittit

110 1552 113 1558 ¹
148 1567 270 1642 Vatic.;
297 1567 487 1632 coniectura
501 1567 640 1632 Dobreei
659 1569 696 1630 ὂν
715 1567 886 1632 scribentis
906 1587 945 1632 ea
964 1569 1036 1632 sola
1053 1587 1089 1632 re
1109 1570 1366 1642 commendatur,

147 1675 236 1754 quod
260 1675 297 1736 ὃν
320 1680 394 1753 post
420 1673 556 1756 χαλεπὸν
579 1672 706 1738 facilius
729 1674 922 1738 intercidere
946 1680 1081 1754 poterat.
1130 1676 1167 1737 ln
1195 1676 1269 1740 looo
1299 1694 1368 1739 cor-

147 1788 242 1861 rupto
266 1781 303 1842 τά
326 1804 357 1842 τε
379 1780 455 1842 ἄλλα
480 1780 524 1842 ὅτι
543 1781 704 1844 ἀνέλπιστα
723 1781 827 1850 αὐτοῖς
845 1781 995 1863 ἐφαίνετο,
1016 1800 1092 1844 cum
1111 1783 1233 1844 nemini
1253 1783 1366 1862 partic.
1421 1822 1425 1826 -

147 1888 200 1960 ὅτι,
224 1889 310 1967 duae
334 1886 430 1950 etiam
449 1886 482 1948 in
501 1887 605 1950 Vatic.
629 1893 716 1950 extat
736 1885 833 1972 (errat
854 1886 1020 1972 Stahlius),
1042 1888 1162 1972 addere
1177 1889 1211 1952 in
1226 1895 1368 1952 mentem

147 1994 258 2057 venire
288 1993 428 2072 potuerit
457 2011 518 2056 nec
546 1993 611 2056 alia
639 1993 843 2074 corruptelae
875 2012 976 2058 causa
1004 1994 1117 2074 dispici
1145 1995 1260 2074 possit,
1292 2013 1368 2058 cuni

147 2099 280 2164 Reiskio
309 2099 574 2163 ἀνελπιστότατα
599 2100 740 2164 scrihere
765 2107 916 2179 praestat.
945 2138 986 2146 -
1010 2104 1030 2180 ξ
1054 2101 1074 2164 3
1099 2101 1366 2183 ὃιεκινόύνεασε(ν)

147 2207 244 2270 etiam
269 2210 320 2270 est
338 2205 371 2268 in
392 2205 504 2281 Laur.;
530 2207 616 2270 idern
635 2207 745 2278 ἐξιέναι
764 2206 905 2280 exhibet,
928 2208 1015 2286 quod
1031 2225 1098 2270 non
1113 2207 1254 2270 deterius
1270 2225 1368 2287 quarn

148 2313 270 2376 ἀπιέναι
296 2310 426 2397 (vatio.)
452 2320 510 2388 est,
538 2311 578 2375 cf.
605 2311 635 2389 3,
665 2313 698 2388 1;
724 2314 763 2389 V,
791 2312 843 2388 31,
866 2311 901 2388 53
928 2313 994 2388 Vll,
1016 2313 1069 2388 49,
1092 2312 1127 2376 3:
1153 2314 1368 2386 ἐξανίστασθαι

147 2417 181 2504 (ξ
208 2419 240 2482 1;
277 2416 525 2503 ἀπανίστασθαι).
552 2455 595 2464 m
619 2419 655 2486 ln
687 2417 709 2503 ξ
737 2421 758 2482 4
792 2419 886 2482 Laur.
922 2420 1012 2483 artic.
1048 2418 1119 2489 τοὺς
1152 2419 1278 2495 omittit,
1314 2421 1369 2500 qui

145 2525 291 2604 possitne
315 2523 430 2590 abesse
455 2525 577 2588 dubito.
1137 2595 1140 2604 ⁴

236 2629 296 2702 48,
323 2631 339 2692 1
363 2631 487 2714 πόνηρα
510 2631 608 2696 etiam
631 2632 664 2694 in
689 2633 783 2695 Laur.
810 2640 1097 2714 proparoxytonon
1122 2640 1180 2707 est,
1207 2633 1291 2696 sicut
1313 2633 1365 2706 83,

146 2736 167 2800 3
199 2736 372 2822 (paroxyt.)
402 2743 434 2800 et
461 2737 541 2814 Vlll,
573 2737 625 2814 24,
652 2737 672 2802 5
704 2735 750 2824 (at
773 2739 853 2815 Vlll‚
881 2739 934 2815 97,
961 2739 998 2803 2:
1023 2737 1203 2824 πονηρῶν);
1239 2737 1279 2803 cf,
1306 2740 1366 2804 He-

146 2844 272 2908 rodian.
298 2843 310 2906 l
335 2862 365 2922 p.
395 2843 467 2906 197.
494 2881 538 2890 —
561 2841 583 2928 ξ
608 2843 627 2906 2
652 2845 756 2908 Vatic.
785 2846 868 2910 male
893 2847 1018 2918 ἐλπίδας
1039 2870 1071 2910 τε
1094 2847 1135 2908 ἔτι
1169 2841 1307 2929 (rectum
1335 2847 1368 2908 in

147 2948 206 3036 γρ.)
232 2949 381 3030 pracbet;
407 2951 439 3012 in
465 2951 580 3014 eodem
602 2949 659 3035 §3
680 2957 759 3016 extr.
787 2953 827 3014 ad
852 2971 957 3032 praes.
976 2955 1117 3035 ὁρῶντας
1136 2949 1274 3016 fortasse
1291 2971 1366 3016 con-

148 3057 329 3122 venientius
353 3057 540 3128 duodevice
565 3055 671 3141 (Laur.
695 3056 833 3143 -σαντας)
855 3059 1011 3139 scriptum
1027 3065 1084 3121 est.
1135 3056 1370 3122 Coniunctivus

149 3163 312 3246 διαβάλλῃ,
347 3181 444 3242 quein
477 3164 667 3227 coniectura
698 3164 807 3244 posuit
840 3164 994 3239 Stahlius,
1030 3163 1167 3228 fortasse
1199 3165 1233 3226 in
1265 3165 1367 3228 Vatio.

148 3269 215 3346 fuit,
242 3270 299 3350 qui
322 3269 380 3332 litt.
408 3293 452 3332 -οι
474 3270 507 3332 in
536 3270 631 3333 litura
661 3270 773 3347 habet,
807 3289 1006 3352 quamquam
1038 3273 1101 3334 hoc
1132 3270 1261 3350 quidem
1295 3271 1369 3334 loco

148 3395 191 3440 an
223 3376 386 3457 optativus
418 3377 603 3455 potentialis
635 3377 713 3456 poni
744 3377 885 3456 potuerit
917 3377 1040 3443 dubito.
1068 3415 1109 3422 -
1133 3375 1215 3461 lug
1244 3375 1265 3440 5
1294 3384 1370 3440 ante

148 3485 287 3566 χρήμασι
316 3489 348 3546 et
375 3483 409 3544 in
433 3483 526 3546 Laur.
554 3489 586 3546 et
612 3483 645 3546 in
670 3484 774 3547 Vatia.
801 3489 882 3563 part.
908 3484 961 3546 καὶ
985 3485 1147 3556 scribitur,
1179 3501 1263 3564 quae
1290 3484 1369 3546 reci-

151 3590 271 3668 pienda
294 3594 358 3666 est;
384 3586 520 3654 refertur
543 3594 653 3652 autem
677 3591 718 3654 ad
741 3595 847 3652 toturn
870 3592 1085 3669 enuntiatum,
1112 3589 1152 3654 cf.
1180 3591 1296 3670 Krueg.
1328 3591 1370 3653 ad

150 3695 173 3771 l,
199 3697 252 3772 77,
281 3695 309 3758 1.
338 3733 376 3739 -·
403 3695 481 3759 Post
510 3697 637 3778 δισχίλια
666 3697 752 3760 male
781 3720 812 3758 τε
840 3714 904 3760 om.
936 3697 1030 3760 Laur.
1058 3733 1100 3742 -
1124 3695 1146 3781 ξ
1170 3696 1190 3760 6
1214 3697 1247 3758 in
1274 3697 1367 3760 Laur.

150 3808 182 3864 et
204 3802 310 3865 Vatic.
326 3800 384 3883 pp.
407 3803 545 3884 χρήμασι
569 3803 623 3875 ὡς,
647 3802 680 3864 in
704 3803 807 3866 Vatic.
835 3809 922 3867 cont.
944 3829 971 3886 χ.
990 3801 1038 3868 ὧν
1057 3807 1121 3878 est;
1148 3820 1188 3866 ex
1202 3803 1369 3882 illascrip-

150 3912 221 3972 tura
246 3906 390 3999 Stahlius
422 3909 484 3978 ἕως
516 3907 622 3972 ellecit
656 3905 708 3993 (cf.
738 3909 826 3974 idem
855 3910 950 3974 codd.
981 3909 1137 3974 mendum
1161 3909 1214 3985 26,
1241 3907 1285 3995 3),
1312 3909 1370 3972 sed

151 4015 195 4078 sic
228 4014 340 4095 partio.
375 4014 559 4096 νικηθέντας
590 4033 706 4094 parurn
738 4016 901 4080 convenit.
956 4016 1171 4081 Coniecturae
1204 4015 1370 4094 Popponis

151 4117 372 4200 adscribentis
398 4117 450 4204 (cl.
477 4120 613 4200 Madvig.
640 4120 712 4184 adv.
739 4121 808 4184 crit.
835 4122 902 4201 lp.
929 4120 1006 4208 331)
1033 4121 1177 4186 Stahlius
1206 4121 1367 4201 opposuit,

153 4243 208 4290 eos
240 4227 296 4307 qui
329 4227 469 4304 pecunia
501 4227 685 4305 superiores
719 4233 828 4290 essent
861 4229 1007 4292 eiusdem
1036 4233 1167 4308 sumptu
1199 4231 1370 4306 superatos

153 4349 222 4396 esse
246 4350 314 4396 non
336 4347 448 4411 posse;
475 4337 508 4395 at
532 4333 609 4395 nihil
632 4332 666 4394 in
690 4351 782 4396 mora
804 4339 874 4398 crat
898 4353 963 4415 quo
987 4335 1094 4397 minus
1115 4332 1312 4415 Syracusani
1334 4349 1370 4395 re

153 4457 231 4503 vera·
259 4437 445 4504 difficultate
483 4438 666 4502 nummaria
703 4438 890 4503 laborantes
923 4441 1063 4521 pecunia
1096 4445 1208 4501 mutua
1241 4443 1370 4517 sumpta

154 4543 365 4609 Athenienses
388 4546 449 4609 hac
474 4563 662 4626 quoquere
686 4546 863 4610 vincerent.
914 4545 960 4608 Ex
983 4543 1013 4628 ᾧ
1041 4543 1135 4610 facile
1164 4543 1239 4608 oriri
1267 4545 1370 4624 potuit
