3262 5052
747 320 807 384 121

171 501 292 573 statuit;
327 499 478 580 equidem
511 506 622 563 tamen
655 499 743 564 baud
776 500 845 562 scio
879 516 932 574 an,
967 503 1004 560 ut
1036 497 1161 580 διαιρεῖν
1192 502 1247 560 τοῦ
1269 497 1388 580 τείχους

172 604 218 691 (V,
244 606 274 680 2,
300 603 333 692 4)
358 613 392 670 et
414 607 612 688 συντριβῆναι
634 612 688 688 τῆς
710 605 851 688 κεφαλῆς
879 603 932 690 (cf.
959 603 1064 668 Madv,
1090 609 1174 686 synt.
1199 601 1222 689 ξ
1244 602 1284 666 51
1311 602 1331 666 d
1355 610 1387 668 et

168 710 254 798 adn.)
292 713 459 785 dicuntur,
500 713 547 777 sic
584 717 638 795 τῆς
669 711 750 782 νεὼς
781 713 950 795 ξυντρίβειν
982 709 1107 776 Graece
1139 710 1202 774 diei
1234 711 1384 790 potuerit.

167 819 246 883 Nam
278 820 504 900 unusquisque
536 819 789 884 trierarcborum
822 818 854 881 id
887 817 1035 894 cavebat,
1080 835 1123 882 ne
1163 812 1248 900 quid
1284 813 1387 882 nouis

47 963 50 974 ·
167 943 249 990 suae
272 920 522 1010 confringeret.
538 925 701 990 -Paulo
724 933 801 990 ante
824 926 986 1004 scriptura
1005 925 1099 990 Laur.
1125 947 1197 988 που
1222 921 1309 1009 (cett.
1329 921 1385 1008 πῃ)

166 1033 216 1094 vix
238 1032 380 1098 deterior
402 1039 462 1098 est.

253 1139 312 1219 12,
335 1137 367 1202 3.
395 1175 437 1184 -
456 1139 645 1222 Ἀθηναίους
675 1140 735 1221 μέν
767 1139 802 1202 ἐκ
835 1144 892 1220 γῆς
919 1161 950 1200 τε
978 1138 1033 1202 καὶ
1061 1138 1174 1220 ταύτης
1195 1137 1388 1219 Λακωνικῆς

165 1245 357 1330 ἀμύνεσθαι]
380 1254 504 1312 temere
529 1243 730 1318 Classenius,
756 1263 853 1326 quem
873 1242 976 1309 Stahl.
1003 1249 1036 1309 et
1053 1245 1220 1309 Herwerd.
1246 1263 1386 1325 sequun-

166 1359 225 1426 tur,
259 1377 296 1416 τε
327 1353 494 1432 expunxit.
556 1352 640 1416 Nam
673 1351 833 1416 sollemne
866 1358 917 1416 est
948 1351 1028 1416 illud
1061 1352 1208 1432 quidem,
1243 1359 1280 1416 ut
1312 1369 1388 1414 cum

167 1458 286 1524 locutio
320 1460 374 1524 καὶ
406 1457 498 1530 οὗτος
530 1465 705 1540 usurpetur
731 1460 844 1540 partic.
868 1483 900 1522 τι
928 1477 995 1522 non
1019 1464 1170 1538 ponatur,
1205 1458 1295 1522 velut
1318 1457 1385 1532 Vll,

167 1565 216 1642 75,
251 1565 271 1629 5
304 1572 337 1631 et
370 1567 565 1642 sescenties;
604 1567 662 1632 sed
695 1573 808 1630 nostro
841 1566 916 1630 loco
949 1565 1156 1630 notissimum
1188 1564 1387 1646 Thucydidis

166 1674 322 1737 orationis
354 1674 538 1737 concinnae
568 1673 723 1747 studium,
759 1691 833 1737 cum
866 1670 951 1738 intre
978 1673 1014 1736 ἐκ
1041 1677 1123 1736 νεῶν
1145 1696 1181 1736 τε
1203 1672 1257 1736 καὶ
1279 1673 1311 1742 ἐς
1333 1671 1389 1753 τὴν

166 1780 283 1844 ἑαυτῶν
313 1781 466 1862 πολεμίαν
497 1777 596 1844 οὖσαν
628 1780 690 1842 κτλ.
719 1781 885 1860 positurus
914 1785 1012 1856 esset,
1047 1785 1084 1844 ut
1111 1803 1143 1842 τε
1170 1785 1299 1859 praeter
1328 1775 1387 1842 fre-

167 1887 367 1967 quentiorem
401 1887 557 1968 loquendi
590 1905 686 1950 usum
714 1887 890 1952 adderetur
919 1886 1036 1952 effecit.
1086 1883 1133 1950 el.
1160 1887 1183 1962 Ι,
1209 1885 1263 1961 35,
1289 1883 1325 1948 5:
1360 1884 1396 1948 οἵ

166 2017 199 2056 τε
220 1994 308 2057 αὐτοὶ
329 1993 473 2076 πολέμιοι
495 1995 570 2076 ἡμῖν
594 1991 712 2076 [ἦσαν]
727 2029 771 2040 -
784 1993 847 2056 καὶ
870 1990 974 2058 οὗτοι
997 1995 1057 2058 οὐκ
1077 1993 1219 2063 ἀσθενεῖς
1237 1992 1308 2063 κτλ,
1333 1989 1388 2054 ubi

167 2097 307 2164 Stablius
340 2100 441 2164 verba
472 2100 526 2164 not
553 2106 700 2182 ναυτικῆς
727 2100 790 2163 κτλ.
819 2101 860 2164 ad
889 2100 1002 2180 partic.
1028 2123 1060 2162 τι
1083 2096 1195 2162 referri
1218 2114 1389 2178 perperam

166 2205 264 2282 iubet,
299 2207 394 2286 quasi
427 2207 468 2270 de
501 2207 676 2270 commodo
710 2208 852 2286 quodam
888 2204 941 2291 (cs.
975 2223 1074 2286 supra
1104 2205 1141 2268 τὰ
1174 2200 1386 2288 ξυμφέροντο)

166 2319 287 2393 agatur.

257 2419 315 2498 14,
340 2419 370 2482 2.
396 2455 440 2468 -
464 2420 518 2484 xci
550 2421 583 2484 ἐν
613 2421 715 2502 τούτῳ
746 2401 949 2486 κεκαιλῦσῦαι
983 2419 1086 2484 ἐδόκει
1113 2419 1251 2490 ἕκαστος,
1284 2415 1313 2500 ᾧ
1344 2419 1389 2501 μῆ

164 2550 217 2590 τινι
239 2526 294 2590 καὶ
316 2526 410 2597 αὐτὸς
433 2527 518 2609 ἔργῳ
540 2527 662 2610 παρῆν]
686 2533 803 2592 contra
825 2526 1018 2591 Arnoldium
1042 2523 1071 2608 ᾦ
1096 2563 1136 2572 -
1159 2549 1281 2590 τινι-
1304 2526 1390 2606 ἔργῳ

168 2651 240 2698 curn
273 2635 306 2697 ἐν
337 2634 438 2715 τούτῳ
471 2635 724 2714 coniungentcm
757 2634 841 2700 bene
867 2633 1011 2699 Stahlius
1040 2639 1072 2698 et
1099 2633 1201 2698 verba
1229 2629 1314 2713 piet
1335 2655 1390 2694 τινι

167 2741 245 2805 mire
269 2741 413 2820 separari
432 2745 466 2804 et
486 2740 709 2822 Thucydidem
734 2741 929 2820 pronomine
953 2738 1045 2812 οὗτος
1068 2740 1286 2820 praecedente
1309 2738 1391 2809 ὅστις

167 2865 223 2926 pro
247 2849 283 2918 ὃς
305 2865 428 2927 ponere
452 2847 506 2910 vix
530 2847 676 2928 potuisse
700 2857 822 2912 monet.
862 2849 979 2914 Levior
1002 2847 1093 2912 fieret
1117 2847 1233 2922 oratio,
1259 2847 1287 2908 si
1307 2845 1389 2924 Pop-

167 2972 285 3033 ponem
310 2952 360 3038 (11,
386 2953 417 3030 8,
443 2954 464 3016 4
488 2952 579 3038 coll.)
607 2978 651 3024 τις
678 2971 737 3034 pro
764 2979 819 3018 τινι
847 2955 1044 3020 scribentem
1069 2970 1296 3033 sequeremur;
1332 2951 1390 3016 sed

167 3068 253 3126 recte
278 3059 423 3124 Stahlius
451 3077 493 3125 ne
520 3061 656 3126 nimium
684 3061 833 3126 locorum
862 3061 1065 3126 similitudini
1089 3059 1250 3124 tribuatur
1272 3075 1390 3122 caven-

167 3167 243 3230 dum
267 3185 341 3232 esse
365 3174 488 3232 censet.
538 3167 651 3248 ltaque
675 3167 802 3244 melius,
833 3168 959 3248 opinor,
987 3167 1171 3247 Kruegerus
1196 3162 1248 3250 (cf.
1276 3164 1416 3260 Krohl.¹
1453 3145 1457 3156 ’

167 3279 306 3354 quaestt.
333 3272 455 3338 Thucc.
482 3274 494 3337 l
519 3293 549 3354 p.
576 3272 608 3359 8)
642 3299 697 3338 τινι
724 3275 766 3338 ad
794 3276 879 3356 ἔργῳ
907 3275 952 3338 ita
980 3273 1112 3349 rettulit,
1148 3279 1184 3336 ut
1215 3271 1256 3336 ad
1289 3269 1318 3353 ᾧ
1350 3288 1391 3334 ex

168 3379 387 3461 superioribus
417 3381 573 3462 ἐντούτῳ
596 3382 873 3462 praepositionem
897 3382 930 3444 ἐν
953 3380 1058 3445 audiri
1081 3379 1194 3455 vellet;
1224 3378 1281 3442 sed
1306 3378 1390 3441 Thu·

167 3487 314 3570 cydidem
345 3506 414 3570 qno
443 3484 479 3551 in
504 3504 543 3551 re
567 3506 637 3552 non
661 3491 695 3553 et
717 3485 788 3570 ipse
811 3505 939 3570 operae
962 3483 1068 3553 aliem
1091 3484 1268 3552 interesset
1291 3483 1390 3564 scrip-

167 3593 246 3658 sisse
270 3600 306 3656 ut
328 3594 461 3658 credam
484 3594 538 3658 vix
563 3594 719 3671 adducor,
746 3613 845 3677 quarn
871 3595 913 3660 ob
936 3613 1006 3660 rem
1026 3595 1073 3658 sic
1093 3593 1202 3675 potius
1220 3591 1388 3656 verterim:

167 3696 221 3764 cui
243 3696 297 3763 rei
318 3718 389 3764 non
413 3705 446 3764 et
468 3697 539 3782 ipse
559 3698 672 3785 (opera
689 3702 800 3784 aliqua
813 3703 835 3766 i.
852 3700 895 3789 e.)
916 3696 1051 3787 aliquid
1071 3717 1180 3784 opens
1199 3695 1389 3763 interesset.

257 3805 316 3880 lt,
342 3807 371 3870 1.
406 3808 474 3871 ὅτι
497 3845 541 3853 -
562 3809 637 3891 ῆμῖν
669 3809 702 3878 ἐς
728 3810 784 3892 τῆν
811 3809 981 3893 ξυμφορὰν
1009 3808 1056 3879 ὡς
1078 3809 1114 3872 ἐκ
1136 3812 1201 3870 τῶν
1222 3807 1392 3888 παρόντων

165 3913 288 3996 κόσμον
309 3913 441 3994 μάλιστα
463 3914 559 3997 μέλλῃ
582 3914 692 3999 οἴσειν]
714 3916 816 3980 verba
834 3917 866 3987 ἔς
884 3916 940 3998 τὴν
958 3914 1126 3998 ξυμφορὰν
1144 3914 1266 3994 pariter
1280 3928 1390 3991 super-

165 4037 313 4084 vacanea
340 4025 372 4084 et
399 4021 510 4101 inepte
537 4028 628 4098 sunm
659 4039 737 4086 nam
759 4022 795 4086 τὰ
818 4023 960 4105 πορόντα
983 4021 1061 4086 nihil
1086 4020 1174 4086 aliud
1197 4038 1297 4100 quam
1319 4017 1392 4100 ipsa

166 4125 220 4190 illa
241 4125 411 4190 calamitas
430 4134 482 4192 est
499 4135 531 4192 et
549 4128 630 4192 mire
650 4128 772 4210 aliquid
788 4128 1058 4195 Lacedaemoniis
1077 4123 1126 4194 ad
1141 4123 1387 4202 columitatem,

167 4238 325 4313 quantum
348 4251 407 4313 per
429 4240 551 4298 statum
575 4252 684 4300 rerum
708 4243 914 4316 praesentem
939 4236 1007 4300 fieri
1031 4236 1182 4316 potuerit,
1209 4229 1390 4299 tenestem

167 4336 310 4404 diturum
342 4357 416 4405 esse
449 4341 577 4406 dicitur.
640 4341 812 4407 Glossema
846 4342 921 4427 (aad
955 4343 1172 4407 calamitatem
1205 4337 1388 4426 spectant»)

168 4445 341 4512 verborum
371 4447 417 4518 ὡς
444 4447 480 4512 ἐκ
508 4453 572 4511 τῶν
598 4448 766 4530 παράπαν
794 4467 867 4513 esse
892 4450 1053 4514 existimo.
1079 4483 1123 4494 -
1147 4447 1183 4512 ln
1205 4446 1313 4512 verbis
1336 4465 1389 4512 ex·

166 4555 276 4618 tremis
300 4554 430 4634 capitis:
456 4555 492 4618 ἐκ
515 4561 570 4619 τοῦ
592 4554 712 4626 εἰκότος
735 4554 955 4636 corruptelam
979 4554 1091 4630 latere,
1119 4559 1244 4620 certum
1265 4554 1387 4631 hubam
