<?xml version="1.0" encoding="UTF-8"?>
<!DOCTYPE html PUBLIC "-//W3C//DTD XHTML 1.0 Transitional//EN"
    "http://www.w3.org/TR/xhtml1/DTD/xhtml1-transitional.dtd">
<html xmlns="http://www.w3.org/1999/xhtml" xml:lang="en" lang="en">
 <head>
  <title>
</title>
<meta http-equiv="Content-Type" content="text/html;charset=utf-8" />
  <meta name='ocr-system' content='tesseract 3.04.00' />
  <meta name='ocr-capabilities' content='ocr_page ocr_carea ocr_par ocr_line ocrx_word'/>
</head>
<body>
  <div class='ocr_page' id='page_1' title='image "./commentariicrit00hudegoog_0109.png"; bbox 0 0 3262 5052; ppageno 0'>
   <div class='ocr_carea' id='block_1_1' title="bbox 862 311 934 399">
    <p class='ocr_par' dir='ltr' id='par_1_1' title="bbox 862 311 934 399">
     <span class='ocr_line' id='line_1_1' title="bbox 862 311 934 399; baseline 0 -25"><span class='ocrx_word' id='word_1_1' title='bbox 862 311 934 399; x_wconf 62' lang='lat' dir='ltr'>aa⁸</span> 
     </span>
    </p>
   </div>
   <div class='ocr_carea' id='block_1_2' title="bbox 236 487 1505 1530">
    <p class='ocr_par' dir='ltr' id='par_1_2' title="bbox 272 487 1501 792">
     <span class='ocr_line' id='line_1_2' title="bbox 276 487 1501 569; baseline -0.003 -15"><span class='ocrx_word' id='word_1_2' title='bbox 276 492 399 554; x_wconf 87' lang='lat' dir='ltr'>siorum</span> <span class='ocrx_word' id='word_1_3' title='bbox 423 490 632 569; x_wconf 82' lang='lat' dir='ltr'>navigatione</span> <span class='ocrx_word' id='word_1_4' title='bbox 657 507 685 552; x_wconf 88' lang='lat' dir='ltr'>o.</span> <span class='ocrx_word' id='word_1_5' title='bbox 712 488 766 564; x_wconf 82' lang='lat'>29,</span> <span class='ocrx_word' id='word_1_6' title='bbox 795 489 810 552; x_wconf 86' lang='lat'>1</span> <span class='ocrx_word' id='word_1_7' title='bbox 837 489 958 569; x_wconf 88' lang='lat' dir='ltr'>scripta</span> <span class='ocrx_word' id='word_1_8' title='bbox 982 494 1072 564; x_wconf 90' lang='lat' dir='ltr'>sunt;</span> <span class='ocrx_word' id='word_1_9' title='bbox 1098 489 1139 552; x_wconf 89' lang='lat' dir='ltr'>de</span> <span class='ocrx_word' id='word_1_10' title='bbox 1162 506 1225 552; x_wconf 91' lang='lat' dir='ltr'>usu</span> <span class='ocrx_word' id='word_1_11' title='bbox 1248 487 1403 552; x_wconf 84' lang='lat' dir='ltr'>vocabuli</span> <span class='ocrx_word' id='word_1_12' title='bbox 1423 487 1501 569; x_wconf 80' lang='grc' dir='ltr'><strong><em>ἀλκὴ</em></strong></span> 
     </span>
     <span class='ocr_line' id='line_1_3' title="bbox 274 593 1498 670; baseline -0.004 -9"><span class='ocrx_word' id='word_1_13' title='bbox 274 595 331 661; x_wconf 86' lang='lat' dir='ltr'>cfr.</span> <span class='ocrx_word' id='word_1_14' title='bbox 358 597 441 660; x_wconf 90' lang='lat' dir='ltr'>Plut.</span> <span class='ocrx_word' id='word_1_15' title='bbox 468 597 582 660; x_wconf 88' lang='lat' dir='ltr'>Them.</span> <span class='ocrx_word' id='word_1_16' title='bbox 607 596 629 658; x_wconf 82' lang='lat'><strong>4</strong></span> <span class='ocrx_word' id='word_1_17' title='bbox 654 601 685 658; x_wconf 91' lang='lat' dir='ltr'>et</span> <span class='ocrx_word' id='word_1_18' title='bbox 709 596 739 658; x_wconf 89' lang='lat'>7.</span> <span class='ocrx_word' id='word_1_19' title='bbox 789 593 961 659; x_wconf 83' lang='lat' dir='ltr'>Contraria</span> <span class='ocrx_word' id='word_1_20' title='bbox 991 595 1091 659; x_wconf 91' lang='lat' dir='ltr'>modo</span> <span class='ocrx_word' id='word_1_21' title='bbox 1123 595 1189 670; x_wconf 90' lang='lat' dir='ltr'>VII,</span> <span class='ocrx_word' id='word_1_22' title='bbox 1216 595 1247 670; x_wconf 88' lang='lat'>8,</span> <span class='ocrx_word' id='word_1_23' title='bbox 1278 594 1298 657; x_wconf 83' lang='lat'>2</span> <span class='ocrx_word' id='word_1_24' title='bbox 1328 595 1362 657; x_wconf 90' lang='lat' dir='ltr'>in</span> <span class='ocrx_word' id='word_1_25' title='bbox 1395 595 1498 658; x_wconf 84' lang='lat' dir='ltr'>Vatic.</span> 
     </span>
     <span class='ocr_line' id='line_1_4' title="bbox 272 699 1419 792; baseline -0.002 -26"><span class='ocrx_word' id='word_1_26' title='bbox 272 705 403 785; x_wconf 81' lang='grc' dir='ltr'><strong><em>μάλιστα</em></strong></span> <span class='ocrx_word' id='word_1_27' title='bbox 425 704 461 766; x_wconf 91' lang='lat' dir='ltr'>in</span> <span class='ocrx_word' id='word_1_28' title='bbox 482 701 573 792; x_wconf 77' lang='grc' dir='ltr'><strong><em>μόίις</em></strong></span> <span class='ocrx_word' id='word_1_29' title='bbox 594 701 731 766; x_wconf 90' lang='lat' dir='ltr'>transiit.</span> <span class='ocrx_word' id='word_1_30' title='bbox 784 699 942 786; x_wconf 80' lang='lat' dir='ltr'>[Gertzius</span> <span class='ocrx_word' id='word_1_31' title='bbox 965 703 1081 784; x_wconf 63' lang='lat' dir='ltr'>ammi</span> <span class='ocrx_word' id='word_1_32' title='bbox 1107 702 1249 784; x_wconf 82' lang='grc' dir='ltr'><strong><em>ἀργοῦσα</em></strong></span> <span class='ocrx_word' id='word_1_33' title='bbox 1273 699 1419 786; x_wconf 77' lang='lat' dir='ltr'>comsit]</span> 
     </span>
    </p>

    <p class='ocr_par' dir='ltr' id='par_1_3' title="bbox 236 808 1505 1530">
     <span class='ocr_line' id='line_1_5' title="bbox 364 808 1504 892; baseline -0.003 -18"><span class='ocrx_word' id='word_1_34' title='bbox 364 809 424 883; x_wconf 84' lang='lat'>31,</span> <span class='ocrx_word' id='word_1_35' title='bbox 450 810 479 872; x_wconf 90' lang='lat'>1.</span> <span class='ocrx_word' id='word_1_36' title='bbox 528 808 632 873; x_wconf 78' lang='grc' dir='ltr'><strong><em>οὐδενὶ</em></strong></span> <span class='ocrx_word' id='word_1_37' title='bbox 668 808 728 891; x_wconf 85' lang='grc' dir='ltr'>γὰρ</span> <span class='ocrx_word' id='word_1_38' title='bbox 761 809 919 880; x_wconf 83' lang='grc' dir='ltr'><strong><em>ἀκουσίως</em></strong></span> <span class='ocrx_word' id='word_1_39' title='bbox 947 808 1099 892; x_wconf 67' lang='grc' dir='ltr'><strong><em>ἀφῖχθαι]</em></strong></span> <span class='ocrx_word' id='word_1_40' title='bbox 1128 808 1320 874; x_wconf 78' lang='lat' dir='ltr'><strong>adverbium</strong></span> <span class='ocrx_word' id='word_1_41' title='bbox 1343 809 1504 878; x_wconf 73' lang='grc' dir='ltr'><strong><em>ἀκουσίως</em></strong></span> 
     </span>
     <span class='ocr_line' id='line_1_6' title="bbox 236 912 1502 1001; baseline 0.002 -25"><span class='ocrx_word' id='word_1_42' title='bbox 236 971 238 976; x_wconf 91' lang='grc'>.</span> <span class='ocrx_word' id='word_1_43' title='bbox 275 916 483 998; x_wconf 84' lang='lat' dir='ltr'>Thucydides</span> <span class='ocrx_word' id='word_1_44' title='bbox 498 916 535 992; x_wconf 90' lang='grc' dir='ltr'>ΙΙ,</span> <span class='ocrx_word' id='word_1_45' title='bbox 553 916 583 991; x_wconf 91' lang='lat'>8,</span> <span class='ocrx_word' id='word_1_46' title='bbox 604 917 619 978; x_wconf 92' lang='lat'>1</span> <span class='ocrx_word' id='word_1_47' title='bbox 641 917 673 978; x_wconf 91' lang='lat' dir='ltr'>vi</span> <span class='ocrx_word' id='word_1_48' title='bbox 693 915 790 980; x_wconf 87' lang='lat' dir='ltr'>solita</span> <span class='ocrx_word' id='word_1_49' title='bbox 814 915 972 1000; x_wconf 83' lang='lat' dir='ltr'>(adverbii</span> <span class='ocrx_word' id='word_1_50' title='bbox 997 912 1113 1001; x_wconf 82' lang='lat' dir='ltr'>invite)</span> <span class='ocrx_word' id='word_1_51' title='bbox 1138 916 1257 996; x_wconf 86' lang='lat' dir='ltr'>posuit,</span> <span class='ocrx_word' id='word_1_52' title='bbox 1284 934 1350 996; x_wconf 87' lang='lat' dir='ltr'>qua</span> <span class='ocrx_word' id='word_1_53' title='bbox 1372 933 1408 980; x_wconf 89' lang='lat' dir='ltr'>re</span> <span class='ocrx_word' id='word_1_54' title='bbox 1433 933 1502 994; x_wconf 88' lang='lat' dir='ltr'>per-</span> 
     </span>
     <span class='ocr_line' id='line_1_7' title="bbox 274 1021 1503 1104; baseline -0.002 -18"><span class='ocrx_word' id='word_1_55' title='bbox 274 1024 353 1086; x_wconf 90' lang='lat' dir='ltr'>moti</span> <span class='ocrx_word' id='word_1_56' title='bbox 379 1022 513 1086; x_wconf 80' lang='lat' dir='ltr'>bindau.</span> <span class='ocrx_word' id='word_1_57' title='bbox 540 1027 572 1086; x_wconf 89' lang='lat' dir='ltr'>et</span> <span class='ocrx_word' id='word_1_58' title='bbox 595 1021 650 1085; x_wconf 87' lang='lat' dir='ltr'>alii</span> <span class='ocrx_word' id='word_1_59' title='bbox 673 1022 824 1104; x_wconf 82' lang='grc' dir='ltr'><strong><em>ἀκουσίῳ</em></strong></span> <span class='ocrx_word' id='word_1_60' title='bbox 848 1022 1057 1086; x_wconf 87' lang='lat' dir='ltr'>scribendum</span> <span class='ocrx_word' id='word_1_61' title='bbox 1088 1039 1160 1086; x_wconf 89' lang='lat' dir='ltr'>esse</span> <span class='ocrx_word' id='word_1_62' title='bbox 1192 1028 1408 1098; x_wconf 85' lang='lat' dir='ltr'>censuerunt;</span> <span class='ocrx_word' id='word_1_63' title='bbox 1445 1022 1503 1086; x_wconf 91' lang='lat' dir='ltr'>sed</span> 
     </span>
     <span class='ocr_line' id='line_1_8' title="bbox 274 1124 1503 1214; baseline -0.001 -21"><span class='ocrx_word' id='word_1_64' title='bbox 274 1129 357 1193; x_wconf 91' lang='lat' dir='ltr'>haec</span> <span class='ocrx_word' id='word_1_65' title='bbox 390 1127 582 1210; x_wconf 83' lang='lat' dir='ltr'>significatio</span> <span class='ocrx_word' id='word_1_66' title='bbox 613 1124 756 1214; x_wconf 80' lang='lat' dir='ltr'>(nolens)</span> <span class='ocrx_word' id='word_1_67' title='bbox 787 1127 878 1192; x_wconf 90' lang='lat' dir='ltr'>nullo</span> <span class='ocrx_word' id='word_1_68' title='bbox 907 1128 971 1192; x_wconf 90' lang='lat' dir='ltr'>alio</span> <span class='ocrx_word' id='word_1_69' title='bbox 1000 1128 1085 1204; x_wconf 88' lang='lat' dir='ltr'>loco,</span> <span class='ocrx_word' id='word_1_70' title='bbox 1117 1133 1275 1209; x_wconf 89' lang='lat' dir='ltr'>quantum</span> <span class='ocrx_word' id='word_1_71' title='bbox 1306 1129 1386 1203; x_wconf 90' lang='lat' dir='ltr'>scio,</span> <span class='ocrx_word' id='word_1_72' title='bbox 1414 1147 1503 1196; x_wconf 87' lang='lat' dir='ltr'>com-</span> 
     </span>
     <span class='ocr_line' id='line_1_9' title="bbox 275 1233 1505 1317; baseline -0.002 -17"><span class='ocrx_word' id='word_1_73' title='bbox 275 1237 439 1317; x_wconf 91' lang='lat' dir='ltr'>probatur.</span> <span class='ocrx_word' id='word_1_74' title='bbox 490 1235 660 1316; x_wconf 80' lang='lat' dir='ltr'>Vulgatam</span> <span class='ocrx_word' id='word_1_75' title='bbox 684 1233 829 1298; x_wconf 84' lang='lat' dir='ltr'>defendit</span> <span class='ocrx_word' id='word_1_76' title='bbox 853 1234 1006 1312; x_wconf 88' lang='lat' dir='ltr'>Stahlius,</span> <span class='ocrx_word' id='word_1_77' title='bbox 1033 1253 1108 1300; x_wconf 90' lang='lat' dir='ltr'>cum</span> <span class='ocrx_word' id='word_1_78' title='bbox 1133 1236 1329 1299; x_wconf 87' lang='lat' dir='ltr'>adiectivum</span> <span class='ocrx_word' id='word_1_79' title='bbox 1354 1235 1505 1312; x_wconf 82' lang='grc' dir='ltr'><strong><em>ἀκούσιος</em></strong></span> 
     </span>
     <span class='ocr_line' id='line_1_10' title="bbox 273 1341 1504 1424; baseline 0.002 -18"><span class='ocrx_word' id='word_1_80' title='bbox 273 1343 328 1420; x_wconf 88' lang='grc'>40,</span> <span class='ocrx_word' id='word_1_81' title='bbox 358 1344 390 1420; x_wconf 91' lang='grc'>1;</span> <span class='ocrx_word' id='word_1_82' title='bbox 427 1343 479 1418; x_wconf 82' lang='grc'>82,</span> <span class='ocrx_word' id='word_1_83' title='bbox 506 1342 543 1418; x_wconf 82' lang='lat'>2;</span> <span class='ocrx_word' id='word_1_84' title='bbox 578 1342 631 1417; x_wconf 92' lang='lat' dir='ltr'>IV,</span> <span class='ocrx_word' id='word_1_85' title='bbox 658 1342 711 1418; x_wconf 88' lang='grc'>98,</span> <span class='ocrx_word' id='word_1_86' title='bbox 742 1341 763 1405; x_wconf 88' lang='grc'><strong>6</strong></span> <span class='ocrx_word' id='word_1_87' title='bbox 796 1341 1032 1422; x_wconf 82' lang='lat' dir='ltr'>sIgnificatione</span> <span class='ocrx_word' id='word_1_88' title='bbox 1065 1343 1196 1422; x_wconf 85' lang='lat' dir='ltr'>passiva</span> <span class='ocrx_word' id='word_1_89' title='bbox 1229 1343 1316 1423; x_wconf 84' lang='lat' dir='ltr'>(non</span> <span class='ocrx_word' id='word_1_90' title='bbox 1349 1345 1504 1424; x_wconf 83' lang='lat' dir='ltr'>optatus)</span> 
     </span>
     <span class='ocr_line' id='line_1_11' title="bbox 274 1449 1501 1530; baseline 0 -16"><span class='ocrx_word' id='word_1_91' title='bbox 274 1451 417 1530; x_wconf 89' lang='lat' dir='ltr'>positum</span> <span class='ocrx_word' id='word_1_92' title='bbox 441 1467 514 1514; x_wconf 88' lang='lat' dir='ltr'>esse</span> <span class='ocrx_word' id='word_1_93' title='bbox 538 1449 721 1524; x_wconf 86' lang='lat' dir='ltr'>contendit;</span> <span class='ocrx_word' id='word_1_94' title='bbox 748 1467 948 1529; x_wconf 89' lang='lat' dir='ltr'>quamquam</span> <span class='ocrx_word' id='word_1_95' title='bbox 972 1450 999 1512; x_wconf 88' lang='lat' dir='ltr'>si</span> <span class='ocrx_word' id='word_1_96' title='bbox 1027 1468 1096 1512; x_wconf 89' lang='lat' dir='ltr'>rem</span> <span class='ocrx_word' id='word_1_97' title='bbox 1126 1449 1310 1529; x_wconf 84' lang='lat' dir='ltr'>diligentius</span> <span class='ocrx_word' id='word_1_98' title='bbox 1338 1451 1501 1526; x_wconf 73' lang='lat' dir='ltr'>attendas</span> 
     </span>
    </p>
   </div>
   <div class='ocr_carea' id='block_1_3' title="bbox 275 1554 1624 1636">
    <p class='ocr_par' dir='ltr' id='par_1_4' title="bbox 275 1554 1624 1636">
     <span class='ocr_line' id='line_1_12' title="bbox 275 1554 1624 1636; baseline -0.001 -15"><span class='ocrx_word' id='word_1_99' title='bbox 275 1558 325 1621; x_wconf 89' lang='lat' dir='ltr'>his</span> <span class='ocrx_word' id='word_1_100' title='bbox 354 1556 506 1622; x_wconf 89' lang='lat' dir='ltr'>omnibus</span> <span class='ocrx_word' id='word_1_101' title='bbox 537 1556 619 1619; x_wconf 88' lang='lat' dir='ltr'>locis</span> <span class='ocrx_word' id='word_1_102' title='bbox 652 1557 692 1620; x_wconf 87' lang='lat' dir='ltr'>de</span> <span class='ocrx_word' id='word_1_103' title='bbox 725 1573 765 1619; x_wconf 92' lang='lat' dir='ltr'>eo</span> <span class='ocrx_word' id='word_1_104' title='bbox 799 1557 887 1636; x_wconf 90' lang='lat' dir='ltr'>quod</span> <span class='ocrx_word' id='word_1_105' title='bbox 916 1557 989 1636; x_wconf 91' lang='lat' dir='ltr'>quis</span> <span class='ocrx_word' id='word_1_106' title='bbox 1017 1557 1138 1619; x_wconf 89' lang='lat' dir='ltr'>invitus</span> <span class='ocrx_word' id='word_1_107' title='bbox 1171 1554 1258 1632; x_wconf 86' lang='lat' dir='ltr'>facit,</span> <span class='ocrx_word' id='word_1_108' title='bbox 1293 1574 1361 1620; x_wconf 93' lang='lat' dir='ltr'>non</span> <span class='ocrx_word' id='word_1_109' title='bbox 1394 1557 1436 1620; x_wconf 86' lang='lat' dir='ltr'>de</span> <span class='ocrx_word' id='word_1_110' title='bbox 1469 1575 1503 1620; x_wconf 89' lang='lat' dir='ltr'>re</span> <span class='ocrx_word' id='word_1_111' title='bbox 1623 1607 1624 1620; x_wconf 67' lang='grc'><strong>,</strong></span> 
     </span>
    </p>
   </div>
   <div class='ocr_carea' id='block_1_4' title="bbox 275 1662 1502 1745">
    <p class='ocr_par' dir='ltr' id='par_1_5' title="bbox 275 1662 1502 1745">
     <span class='ocr_line' id='line_1_13' title="bbox 275 1662 1502 1745; baseline -0.002 -17"><span class='ocrx_word' id='word_1_112' title='bbox 275 1683 360 1745; x_wconf 88' lang='lat' dir='ltr'>quae</span> <span class='ocrx_word' id='word_1_113' title='bbox 383 1664 494 1744; x_wconf 88' lang='lat' dir='ltr'>aliquo</span> <span class='ocrx_word' id='word_1_114' title='bbox 518 1663 650 1727; x_wconf 88' lang='lat' dir='ltr'>nolente</span> <span class='ocrx_word' id='word_1_115' title='bbox 683 1662 728 1737; x_wconf 87' lang='lat' dir='ltr'>tit,</span> <span class='ocrx_word' id='word_1_116' title='bbox 760 1663 901 1742; x_wconf 89' lang='lat' dir='ltr'>positum</span> <span class='ocrx_word' id='word_1_117' title='bbox 931 1681 1004 1728; x_wconf 86' lang='lat' dir='ltr'>esse</span> <span class='ocrx_word' id='word_1_118' title='bbox 1031 1663 1190 1726; x_wconf 76' lang='lat' dir='ltr'>invenias,</span> <span class='ocrx_word' id='word_1_119' title='bbox 1248 1663 1312 1727; x_wconf 86' lang='lat' dir='ltr'>Sed</span> <span class='ocrx_word' id='word_1_120' title='bbox 1341 1681 1418 1726; x_wconf 89' lang='lat' dir='ltr'>cum</span> <span class='ocrx_word' id='word_1_121' title='bbox 1449 1665 1502 1727; x_wconf 88' lang='lat' dir='ltr'>ad-</span> 
     </span>
    </p>
   </div>
   <div class='ocr_carea' id='block_1_5' title="bbox 273 1767 1624 2171">
    <p class='ocr_par' dir='ltr' id='par_1_6' title="bbox 273 1767 1504 1852">
     <span class='ocr_line' id='line_1_14' title="bbox 273 1767 1504 1852; baseline 0 -18"><span class='ocrx_word' id='word_1_122' title='bbox 273 1771 422 1836; x_wconf 87' lang='lat' dir='ltr'>verbium</span> <span class='ocrx_word' id='word_1_123' title='bbox 454 1787 618 1850; x_wconf 78' lang='lat' dir='ltr'>nusquam</span> <span class='ocrx_word' id='word_1_124' title='bbox 650 1770 698 1832; x_wconf 90' lang='lat' dir='ltr'>sic</span> <span class='ocrx_word' id='word_1_125' title='bbox 731 1774 882 1849; x_wconf 87' lang='lat' dir='ltr'>ponatur,</span> <span class='ocrx_word' id='word_1_126' title='bbox 918 1768 1056 1833; x_wconf 87' lang='lat' dir='ltr'>fortasse</span> <span class='ocrx_word' id='word_1_127' title='bbox 1093 1771 1277 1840; x_wconf 85' lang='grc' dir='ltr'><strong><em>ἀκουσίους</em></strong></span> <span class='ocrx_word' id='word_1_128' title='bbox 1312 1767 1504 1852; x_wconf 68' lang='lat' dir='ltr'>(Ingratos)</span> 
     </span>
    </p>

    <p class='ocr_par' dir='ltr' id='par_1_7' title="bbox 274 1859 1624 2171">
     <span class='ocr_line' id='line_1_15' title="bbox 275 1875 1503 1957; baseline -0.002 -15"><span class='ocrx_word' id='word_1_129' title='bbox 275 1878 485 1943; x_wconf 85' lang='lat' dir='ltr'>scribendum</span> <span class='ocrx_word' id='word_1_130' title='bbox 509 1883 574 1954; x_wconf 88' lang='lat' dir='ltr'>est;</span> <span class='ocrx_word' id='word_1_131' title='bbox 600 1894 685 1957; x_wconf 89' lang='lat' dir='ltr'>quae</span> <span class='ocrx_word' id='word_1_132' title='bbox 710 1875 903 1956; x_wconf 83' lang='lat' dir='ltr'>significatio</span> <span class='ocrx_word' id='word_1_133' title='bbox 923 1877 1009 1956; x_wconf 90' lang='lat' dir='ltr'>apud</span> <span class='ocrx_word' id='word_1_134' title='bbox 1029 1877 1229 1941; x_wconf 82' lang='lat' dir='ltr'>recentiores</span> <span class='ocrx_word' id='word_1_135' title='bbox 1248 1895 1316 1940; x_wconf 92' lang='lat' dir='ltr'>non</span> <span class='ocrx_word' id='word_1_136' title='bbox 1334 1877 1503 1940; x_wconf 87' lang='lat' dir='ltr'>rarissima</span> 
     </span>
     <span class='ocr_line' id='line_1_16' title="bbox 275 1967 1624 2067; baseline -0.002 -18"><span class='ocrx_word' id='word_1_137' title='bbox 275 1993 334 2062; x_wconf 81' lang='lat' dir='ltr'>est,</span> <span class='ocrx_word' id='word_1_138' title='bbox 361 1983 401 2049; x_wconf 78' lang='lat' dir='ltr'>cf.</span> <span class='ocrx_word' id='word_1_139' title='bbox 428 1985 506 2048; x_wconf 80' lang='lat' dir='ltr'>nuc.</span> <span class='ocrx_word' id='word_1_140' title='bbox 533 1983 607 2047; x_wconf 75' lang='lat' dir='ltr'>atat.</span> <span class='ocrx_word' id='word_1_141' title='bbox 634 1990 729 2047; x_wconf 78' lang='lat' dir='ltr'>mort.</span> <span class='ocrx_word' id='word_1_142' title='bbox 757 1984 787 2058; x_wconf 85' lang='lat' dir='ltr'>s,</span> <span class='ocrx_word' id='word_1_143' title='bbox 817 1985 845 2046; x_wconf 92' lang='lat'>1.</span> <span class='ocrx_word' id='word_1_144' title='bbox 867 2021 910 2030; x_wconf 90' lang='lat'><em>-</em></span> <span class='ocrx_word' id='word_1_145' title='bbox 930 1987 970 2066; x_wconf 72' lang='lat' dir='ltr'>a</span> <span class='ocrx_word' id='word_1_146' title='bbox 991 1983 1148 2067; x_wconf 72' lang='grc' dir='ltr'><strong><em>σῳαωσι]</em></strong></span> <span class='ocrx_word' id='word_1_147' title='bbox 1172 1985 1320 2066; x_wconf 67' lang='lat' dir='ltr'>battua,</span> <span class='ocrx_word' id='word_1_148' title='bbox 1344 2003 1413 2047; x_wconf 80' lang='lat' dir='ltr'>non</span> <span class='ocrx_word' id='word_1_149' title='bbox 1437 1985 1502 2066; x_wconf 74' lang='grc' dir='ltr'>οφ,</span> <span class='ocrx_word' id='word_1_150' title='bbox 1623 1967 1624 1982; x_wconf 55' lang='lat'>¹</span> 
     </span>
     <span class='ocr_line' id='line_1_17' title="bbox 274 2090 1624 2171; baseline 0 -13"><span class='ocrx_word' id='word_1_151' title='bbox 274 2101 364 2158; x_wconf 89' lang='lat' dir='ltr'>recte</span> <span class='ocrx_word' id='word_1_152' title='bbox 389 2093 483 2157; x_wconf 87' lang='lat' dir='ltr'>Laur.</span> <span class='ocrx_word' id='word_1_153' title='bbox 512 2097 543 2156; x_wconf 88' lang='lat' dir='ltr'>et</span> <span class='ocrx_word' id='word_1_154' title='bbox 567 2091 649 2155; x_wconf 88' lang='lat' dir='ltr'>alios</span> <span class='ocrx_word' id='word_1_155' title='bbox 673 2091 769 2154; x_wconf 91' lang='lat' dir='ltr'>codd.</span> <span class='ocrx_word' id='word_1_156' title='bbox 797 2096 930 2154; x_wconf 89' lang='lat' dir='ltr'>secutus</span> <span class='ocrx_word' id='word_1_157' title='bbox 954 2091 1083 2171; x_wconf 80' lang='lat' dir='ltr'>scripsit</span> <span class='ocrx_word' id='word_1_158' title='bbox 1102 2090 1256 2167; x_wconf 89' lang='lat' dir='ltr'>Stahlius‚</span> <span class='ocrx_word' id='word_1_159' title='bbox 1278 2109 1376 2171; x_wconf 90' lang='lat' dir='ltr'>quem</span> <span class='ocrx_word' id='word_1_160' title='bbox 1392 2109 1501 2156; x_wconf 87' lang='lat' dir='ltr'>emen·</span> <span class='ocrx_word' id='word_1_161' title='bbox 1623 2147 1624 2158; x_wconf 70' lang='grc'><strong>,</strong></span> 
     </span>
    </p>
   </div>
   <div class='ocr_carea' id='block_1_6' title="bbox 274 2173 1624 2386">
    <p class='ocr_par' dir='ltr' id='par_1_8' title="bbox 274 2173 1624 2386">
     <span class='ocr_line' id='line_1_18' title="bbox 274 2173 1624 2281; baseline -0.001 -17"><span class='ocrx_word' id='word_1_162' title='bbox 274 2201 441 2264; x_wconf 88' lang='lat' dir='ltr'>dationem</span> <span class='ocrx_word' id='word_1_163' title='bbox 465 2197 651 2263; x_wconf 80' lang='lat' dir='ltr'>facillimam</span> <span class='ocrx_word' id='word_1_164' title='bbox 677 2198 816 2262; x_wconf 90' lang='lat' dir='ltr'>Dobreei</span> <span class='ocrx_word' id='word_1_165' title='bbox 840 2199 878 2261; x_wconf 80' lang='grc' dir='ltr'>ἵν’</span> <span class='ocrx_word' id='word_1_166' title='bbox 904 2217 963 2278; x_wconf 90' lang='lat' dir='ltr'>pro</span> <span class='ocrx_word' id='word_1_167' title='bbox 987 2202 1026 2281; x_wconf 81' lang='grc' dir='ltr'>ἢν</span> <span class='ocrx_word' id='word_1_168' title='bbox 1049 2198 1222 2262; x_wconf 86' lang='lat' dir='ltr'>scribentis</span> <span class='ocrx_word' id='word_1_169' title='bbox 1246 2216 1313 2261; x_wconf 89' lang='lat' dir='ltr'>non</span> <span class='ocrx_word' id='word_1_170' title='bbox 1336 2199 1502 2278; x_wconf 88' lang='lat' dir='ltr'>recepisse</span> <span class='ocrx_word' id='word_1_171' title='bbox 1623 2173 1624 2182; x_wconf 12' lang='grc' dir='ltr'><strong><em>ί</em></strong></span> 
     </span>
     <span class='ocr_line' id='line_1_19' title="bbox 274 2289 1624 2386; baseline -0.002 -15"><span class='ocrx_word' id='word_1_172' title='bbox 274 2325 400 2372; x_wconf 88' lang='lat' dir='ltr'>summe</span> <span class='ocrx_word' id='word_1_173' title='bbox 424 2307 537 2380; x_wconf 91' lang='lat' dir='ltr'>miror;</span> <span class='ocrx_word' id='word_1_174' title='bbox 564 2311 652 2370; x_wconf 90' lang='lat' dir='ltr'>certe</span> <span class='ocrx_word' id='word_1_175' title='bbox 675 2305 766 2382; x_wconf 90' lang='lat' dir='ltr'>illud,</span> <span class='ocrx_word' id='word_1_176' title='bbox 789 2307 877 2386; x_wconf 94' lang='lat' dir='ltr'>quod</span> <span class='ocrx_word' id='word_1_177' title='bbox 896 2307 1076 2370; x_wconf 85' lang='lat' dir='ltr'>maximum</span> <span class='ocrx_word' id='word_1_178' title='bbox 1095 2304 1341 2369; x_wconf 86' lang='lat' dir='ltr'>Atheniensium</span> <span class='ocrx_word' id='word_1_179' title='bbox 1360 2305 1502 2369; x_wconf 90' lang='lat' dir='ltr'>reditum</span> <span class='ocrx_word' id='word_1_180' title='bbox 1623 2289 1624 2298; x_wconf 10' lang='grc' dir='ltr'>ἒ</span> 
     </span>
    </p>
   </div>
   <div class='ocr_carea' id='block_1_7' title="bbox 275 2405 1624 2494">
    <p class='ocr_par' dir='ltr' id='par_1_9' title="bbox 275 2405 1624 2494">
     <span class='ocr_line' id='line_1_20' title="bbox 275 2405 1624 2494; baseline 0 -16"><span class='ocrx_word' id='word_1_181' title='bbox 275 2413 503 2494; x_wconf 88' lang='lat' dir='ltr'>Peloponnesii</span> <span class='ocrx_word' id='word_1_182' title='bbox 535 2413 747 2492; x_wconf 80' lang='lat' dir='ltr'>Intercepturi</span> <span class='ocrx_word' id='word_1_183' title='bbox 779 2419 881 2490; x_wconf 88' lang='lat' dir='ltr'>erant,</span> <span class='ocrx_word' id='word_1_184' title='bbox 916 2413 998 2476; x_wconf 90' lang='lat' dir='ltr'>tanti</span> <span class='ocrx_word' id='word_1_185' title='bbox 1031 2412 1188 2476; x_wconf 85' lang='lat' dir='ltr'>momenti</span> <span class='ocrx_word' id='word_1_186' title='bbox 1221 2417 1280 2488; x_wconf 89' lang='lat' dir='ltr'>est,</span> <span class='ocrx_word' id='word_1_187' title='bbox 1315 2418 1350 2475; x_wconf 91' lang='lat' dir='ltr'>ut</span> <span class='ocrx_word' id='word_1_188' title='bbox 1378 2431 1438 2492; x_wconf 89' lang='lat' dir='ltr'>per</span> <span class='ocrx_word' id='word_1_189' title='bbox 1466 2431 1501 2478; x_wconf 86' lang='lat' dir='ltr'>se</span> <span class='ocrx_word' id='word_1_190' title='bbox 1623 2405 1624 2410; x_wconf 62' lang='grc'>’</span> 
     </span>
    </p>
   </div>
   <div class='ocr_carea' id='block_1_8' title="bbox 273 2519 1502 3244">
    <p class='ocr_par' dir='ltr' id='par_1_10' title="bbox 273 2519 1153 2601">
     <span class='ocr_line' id='line_1_21' title="bbox 273 2519 1153 2601; baseline -0.002 -17"><span class='ocrx_word' id='word_1_191' title='bbox 273 2522 390 2601; x_wconf 89' lang='lat' dir='ltr'>ipsum,</span> <span class='ocrx_word' id='word_1_192' title='bbox 417 2538 485 2583; x_wconf 89' lang='lat' dir='ltr'>non</span> <span class='ocrx_word' id='word_1_193' title='bbox 510 2521 714 2583; x_wconf 84' lang='lat' dir='ltr'>condicionIs</span> <span class='ocrx_word' id='word_1_194' title='bbox 738 2520 870 2584; x_wconf 89' lang='lat' dir='ltr'>nomine</span> <span class='ocrx_word' id='word_1_195' title='bbox 894 2521 972 2599; x_wconf 90' lang='lat' dir='ltr'>poni</span> <span class='ocrx_word' id='word_1_196' title='bbox 996 2519 1153 2584; x_wconf 90' lang='lat' dir='ltr'>debuerit.</span> 
     </span>
    </p>

    <p class='ocr_par' dir='ltr' id='par_1_11' title="bbox 273 2625 1502 3244">
     <span class='ocr_line' id='line_1_22' title="bbox 364 2625 1501 2709; baseline 0 -18"><span class='ocrx_word' id='word_1_197' title='bbox 364 2626 421 2701; x_wconf 81' lang='grc'>36,</span> <span class='ocrx_word' id='word_1_198' title='bbox 447 2625 478 2688; x_wconf 81' lang='grc'>2.</span> <span class='ocrx_word' id='word_1_199' title='bbox 509 2627 776 2709; x_wconf 79' lang='grc' dir='ltr'><strong><em>προσξυνεβάίετο</em></strong></span> <span class='ocrx_word' id='word_1_200' title='bbox 805 2627 864 2690; x_wconf 82' lang='grc' dir='ltr'>οὐκ</span> <span class='ocrx_word' id='word_1_201' title='bbox 892 2626 1051 2709; x_wconf 78' lang='grc' dir='ltr'><strong><em>ἐλάχιστον</em></strong></span> <span class='ocrx_word' id='word_1_202' title='bbox 1078 2633 1132 2709; x_wconf 87' lang='grc' dir='ltr'>τῆς</span> <span class='ocrx_word' id='word_1_203' title='bbox 1155 2627 1259 2709; x_wconf 82' lang='grc' dir='ltr'><em>ὁρμῆς</em></span> <span class='ocrx_word' id='word_1_204' title='bbox 1281 2627 1315 2688; x_wconf 82' lang='grc' dir='ltr'>αῖ</span> <span class='ocrx_word' id='word_1_205' title='bbox 1335 2625 1501 2691; x_wconf 81' lang='grc' dir='ltr'><strong><em>Πελοπον-</em></strong></span> 
     </span>
     <span class='ocr_line' id='line_1_23' title="bbox 273 2731 1498 2818; baseline 0 -20"><span class='ocrx_word' id='word_1_206' title='bbox 273 2735 390 2818; x_wconf 78' lang='grc' dir='ltr'><strong><em>νησίων</em></strong></span> <span class='ocrx_word' id='word_1_207' title='bbox 421 2739 492 2816; x_wconf 84' lang='grc' dir='ltr'><strong><em>νῆες</em></strong></span> <span class='ocrx_word' id='word_1_208' title='bbox 506 2771 549 2778; x_wconf 88' lang='grc'>-</span> <span class='ocrx_word' id='word_1_209' title='bbox 562 2733 754 2815; x_wconf 80' lang='grc' dir='ltr'><strong><em>τοίμήσασαι</em></strong></span> <span class='ocrx_word' id='word_1_210' title='bbox 784 2731 1086 2816; x_wconf 77' lang='grc' dir='ltr'><strong><em>παρακινδυνεῦσαί]</em></strong></span> <span class='ocrx_word' id='word_1_211' title='bbox 1120 2733 1167 2797; x_wconf 86' lang='lat' dir='ltr'>sie</span> <span class='ocrx_word' id='word_1_212' title='bbox 1196 2731 1300 2797; x_wconf 79' lang='lat' dir='ltr'>ClaSS.</span> <span class='ocrx_word' id='word_1_213' title='bbox 1330 2738 1363 2798; x_wconf 87' lang='lat' dir='ltr'>et</span> <span class='ocrx_word' id='word_1_214' title='bbox 1395 2733 1498 2798; x_wconf 85' lang='lat' dir='ltr'>Stahl.</span> 
     </span>
     <span class='ocr_line' id='line_1_24' title="bbox 276 2836 1502 2920; baseline -0.002 -14"><span class='ocrx_word' id='word_1_215' title='bbox 276 2843 379 2906; x_wconf 91' lang='lat' dir='ltr'>Vatic.</span> <span class='ocrx_word' id='word_1_216' title='bbox 406 2841 554 2920; x_wconf 89' lang='lat' dir='ltr'>aliosque</span> <span class='ocrx_word' id='word_1_217' title='bbox 578 2839 673 2903; x_wconf 91' lang='lat' dir='ltr'>codd.</span> <span class='ocrx_word' id='word_1_218' title='bbox 701 2839 805 2904; x_wconf 87' lang='lat' dir='ltr'>secuti</span> <span class='ocrx_word' id='word_1_219' title='bbox 829 2836 1043 2918; x_wconf 79' lang='lat' dir='ltr'>scripserunt3</span> <span class='ocrx_word' id='word_1_220' title='bbox 1069 2841 1103 2902; x_wconf 92' lang='lat' dir='ltr'>in</span> <span class='ocrx_word' id='word_1_221' title='bbox 1127 2841 1201 2904; x_wconf 89' lang='lat' dir='ltr'>cod.</span> <span class='ocrx_word' id='word_1_222' title='bbox 1225 2841 1445 2905; x_wconf 88' lang='lat' dir='ltr'>Laurentiano</span> <span class='ocrx_word' id='word_1_223' title='bbox 1470 2849 1502 2906; x_wconf 89' lang='lat' dir='ltr'>ct</span> 
     </span>
     <span class='ocr_line' id='line_1_25' title="bbox 274 2943 1501 3032; baseline -0.001 -19"><span class='ocrx_word' id='word_1_224' title='bbox 274 2948 470 3030; x_wconf 87' lang='lat' dir='ltr'>quibusdam</span> <span class='ocrx_word' id='word_1_225' title='bbox 493 2947 566 3010; x_wconf 83' lang='lat' dir='ltr'>aliIs</span> <span class='ocrx_word' id='word_1_226' title='bbox 591 2944 692 3031; x_wconf 87' lang='lat' dir='ltr'>(velut</span> <span class='ocrx_word' id='word_1_227' title='bbox 710 2947 815 3010; x_wconf 87' lang='lat' dir='ltr'>Vatic.</span> <span class='ocrx_word' id='word_1_228' title='bbox 842 2943 901 3032; x_wconf 77' lang='grc' dir='ltr'>γρ.)</span> <span class='ocrx_word' id='word_1_229' title='bbox 925 2947 1252 3030; x_wconf 78' lang='grc' dir='ltr'><strong><em>πρσσξυνείάβοντσ</em></strong></span> <span class='ocrx_word' id='word_1_230' title='bbox 1275 2953 1373 3024; x_wconf 87' lang='lat' dir='ltr'>extat,</span> <span class='ocrx_word' id='word_1_231' title='bbox 1401 2967 1501 3028; x_wconf 87' lang='lat' dir='ltr'>quam</span> 
     </span>
     <span class='ocr_line' id='line_1_26' title="bbox 274 3053 1502 3136; baseline -0.001 -17"><span class='ocrx_word' id='word_1_232' title='bbox 274 3057 467 3136; x_wconf 89' lang='lat' dir='ltr'>scripturam</span> <span class='ocrx_word' id='word_1_233' title='bbox 494 3054 610 3134; x_wconf 81' lang='lat' dir='ltr'>Krueg.</span> <span class='ocrx_word' id='word_1_234' title='bbox 635 3061 725 3118; x_wconf 88' lang='lat' dir='ltr'>recte</span> <span class='ocrx_word' id='word_1_235' title='bbox 749 3053 912 3134; x_wconf 88' lang='lat' dir='ltr'>praetulit.</span> <span class='ocrx_word' id='word_1_236' title='bbox 962 3053 1052 3118; x_wconf 85' lang='lat' dir='ltr'>Haeo</span> <span class='ocrx_word' id='word_1_237' title='bbox 1076 3055 1163 3117; x_wconf 87' lang='lat' dir='ltr'>enim</span> <span class='ocrx_word' id='word_1_238' title='bbox 1193 3053 1344 3117; x_wconf 90' lang='lat' dir='ltr'>omnibus</span> <span class='ocrx_word' id='word_1_239' title='bbox 1372 3054 1502 3118; x_wconf 83' lang='lat' dir='ltr'>indIciis</span> 
     </span>
     <span class='ocr_line' id='line_1_27' title="bbox 274 3160 1500 3244; baseline -0.001 -17"><span class='ocrx_word' id='word_1_240' title='bbox 274 3163 498 3234; x_wconf 68' lang='lat' dir='ltr'>confirmatum</span> <span class='ocrx_word' id='word_1_241' title='bbox 525 3161 731 3243; x_wconf 80' lang='lat' dir='ltr'>Thucydides</span> <span class='ocrx_word' id='word_1_242' title='bbox 745 3162 815 3241; x_wconf 89' lang='lat' dir='ltr'>ipse</span> <span class='ocrx_word' id='word_1_243' title='bbox 830 3161 883 3236; x_wconf 87' lang='lat' dir='ltr'>IV,</span> <span class='ocrx_word' id='word_1_244' title='bbox 900 3161 954 3236; x_wconf 86' lang='grc'>47,</span> <span class='ocrx_word' id='word_1_245' title='bbox 972 3160 1008 3224; x_wconf 84' lang='grc'>2;</span> <span class='ocrx_word' id='word_1_246' title='bbox 1034 3161 1239 3244; x_wconf 78' lang='grc' dir='ltr'><strong><em>ξυνελάβοντο</em></strong></span> <span class='ocrx_word' id='word_1_247' title='bbox 1263 3161 1298 3224; x_wconf 83' lang='grc' dir='ltr'>δὲ</span> <span class='ocrx_word' id='word_1_248' title='bbox 1319 3167 1375 3224; x_wconf 87' lang='grc' dir='ltr'>τοῦ</span> <span class='ocrx_word' id='word_1_249' title='bbox 1397 3163 1500 3226; x_wconf 83' lang='grc' dir='ltr'><strong><em>τοιού-</em></strong></span> 
     </span>
    </p>
   </div>
   <div class='ocr_carea' id='block_1_9' title="bbox 272 3267 1623 3354">
    <p class='ocr_par' dir='ltr' id='par_1_12' title="bbox 272 3267 1623 3354">
     <span class='ocr_line' id='line_1_28' title="bbox 272 3267 1623 3354; baseline 0.001 -22"><span class='ocrx_word' id='word_1_250' title='bbox 272 3293 326 3334; x_wconf 86' lang='grc' dir='ltr'>του</span> <span class='ocrx_word' id='word_1_251' title='bbox 350 3271 409 3352; x_wconf 80' lang='grc' dir='ltr'>οὐχ</span> <span class='ocrx_word' id='word_1_252' title='bbox 431 3271 540 3352; x_wconf 80' lang='grc' dir='ltr'><strong><em>ἥκιστα</em></strong></span> <span class='ocrx_word' id='word_1_253' title='bbox 561 3305 602 3314; x_wconf 92' lang='lat'>—-</span> <span class='ocrx_word' id='word_1_254' title='bbox 621 3271 652 3333; x_wconf 83' lang='grc' dir='ltr'>οῖ</span> <span class='ocrx_word' id='word_1_255' title='bbox 669 3269 833 3352; x_wconf 81' lang='grc' dir='ltr'><strong><em>στρατηγοὶ</em></strong></span> <span class='ocrx_word' id='word_1_256' title='bbox 855 3269 917 3332; x_wconf 70' lang='grc' dir='ltr'><strong><em>καί.</em></strong></span> <span class='ocrx_word' id='word_1_257' title='bbox 943 3269 1073 3349; x_wconf 83' lang='lat' dir='ltr'>scripsit</span> <span class='ocrx_word' id='word_1_258' title='bbox 1097 3267 1165 3354; x_wconf 84' lang='lat' dir='ltr'>(uhi</span> <span class='ocrx_word' id='word_1_259' title='bbox 1189 3267 1230 3332; x_wconf 91' lang='lat' dir='ltr'>ad</span> <span class='ocrx_word' id='word_1_260' title='bbox 1255 3268 1500 3333; x_wconf 76' lang='lat' dir='ltr'>similibudinem</span> <span class='ocrx_word' id='word_1_261' title='bbox 1622 3337 1623 3354; x_wconf 22' lang='lat'>¹</span> 
     </span>
    </p>
   </div>
   <div class='ocr_carea' id='block_1_10' title="bbox 273 3373 1497 3458">
    <p class='ocr_par' dir='ltr' id='par_1_13' title="bbox 273 3373 1497 3458">
     <span class='ocr_line' id='line_1_29' title="bbox 273 3373 1497 3458; baseline 0 -18"><span class='ocrx_word' id='word_1_262' title='bbox 273 3377 377 3442; x_wconf 89' lang='lat' dir='ltr'>nostri</span> <span class='ocrx_word' id='word_1_263' title='bbox 399 3376 464 3440; x_wconf 88' lang='lat' dir='ltr'>loci</span> <span class='ocrx_word' id='word_1_264' title='bbox 487 3393 617 3440; x_wconf 88' lang='lat' dir='ltr'>comma</span> <span class='ocrx_word' id='word_1_265' title='bbox 640 3382 717 3441; x_wconf 87' lang='lat' dir='ltr'>ante</span> <span class='ocrx_word' id='word_1_266' title='bbox 740 3377 910 3458; x_wconf 77' lang='grc' dir='ltr'><strong><em>κατάδηλοι</em></strong></span> <span class='ocrx_word' id='word_1_267' title='bbox 927 3377 1013 3446; x_wconf 79' lang='grc' dir='ltr'><strong><em>ὄντες</em></strong></span> <span class='ocrx_word' id='word_1_268' title='bbox 1033 3374 1208 3439; x_wconf 87' lang='lat' dir='ltr'>delendum</span> <span class='ocrx_word' id='word_1_269' title='bbox 1229 3373 1301 3458; x_wconf 87' lang='lat' dir='ltr'>est),</span> <span class='ocrx_word' id='word_1_270' title='bbox 1324 3375 1384 3439; x_wconf 89' lang='lat' dir='ltr'>Dio</span> <span class='ocrx_word' id='word_1_271' title='bbox 1404 3375 1497 3440; x_wconf 87' lang='lat' dir='ltr'>Cass.</span> 
     </span>
    </p>
   </div>
   <div class='ocr_carea' id='block_1_11' title="bbox 273 3480 1623 3569">
    <p class='ocr_par' dir='ltr' id='par_1_14' title="bbox 273 3480 1623 3569">
     <span class='ocr_line' id='line_1_30' title="bbox 273 3480 1623 3569; baseline -0.001 -21"><span class='ocrx_word' id='word_1_272' title='bbox 273 3484 382 3557; x_wconf 88' lang='lat' dir='ltr'>XLIII,</span> <span class='ocrx_word' id='word_1_273' title='bbox 407 3484 461 3559; x_wconf 91' lang='grc'>47,</span> <span class='ocrx_word' id='word_1_274' title='bbox 488 3484 509 3546; x_wconf 95' lang='grc'>4</span> <span class='ocrx_word' id='word_1_275' title='bbox 535 3480 764 3569; x_wconf 87' lang='lat' dir='ltr'>(Bloomfield.)</span> <span class='ocrx_word' id='word_1_276' title='bbox 785 3483 1007 3564; x_wconf 87' lang='lat' dir='ltr'>Thucydidem</span> <span class='ocrx_word' id='word_1_277' title='bbox 1032 3480 1171 3546; x_wconf 83' lang='lat' dir='ltr'>fortasse</span> <span class='ocrx_word' id='word_1_278' title='bbox 1193 3483 1339 3546; x_wconf 87' lang='lat' dir='ltr'>imitatus</span> <span class='ocrx_word' id='word_1_279' title='bbox 1361 3483 1499 3547; x_wconf 87' lang='lat' dir='ltr'>verbum</span> <span class='ocrx_word' id='word_1_280' title='bbox 1622 3485 1623 3488; x_wconf 74' lang='grc'>’</span> 
     </span>
    </p>
   </div>
   <div class='ocr_carea' id='block_1_12' title="bbox 271 3589 1499 4630">
    <p class='ocr_par' dir='ltr' id='par_1_15' title="bbox 271 3589 1499 4630">
     <span class='ocr_line' id='line_1_31' title="bbox 274 3589 1499 3674; baseline -0.001 -20"><span class='ocrx_word' id='word_1_281' title='bbox 274 3591 566 3674; x_wconf 75' lang='grc' dir='ltr'><strong><em>κροσσυίίαβέσθοι</em></strong></span> <span class='ocrx_word' id='word_1_282' title='bbox 590 3609 664 3653; x_wconf 93' lang='lat' dir='ltr'>cum</span> <span class='ocrx_word' id='word_1_283' title='bbox 689 3590 839 3671; x_wconf 78' lang='lat' dir='ltr'>genetIvo</span> <span class='ocrx_word' id='word_1_284' title='bbox 862 3589 978 3663; x_wconf 85' lang='lat' dir='ltr'>iunxit,</span> <span class='ocrx_word' id='word_1_285' title='bbox 1010 3606 1117 3669; x_wconf 84' lang='lat' dir='ltr'>neque</span> <span class='ocrx_word' id='word_1_286' title='bbox 1140 3607 1198 3668; x_wconf 90' lang='lat' dir='ltr'>per</span> <span class='ocrx_word' id='word_1_287' title='bbox 1222 3607 1257 3652; x_wconf 88' lang='lat' dir='ltr'>se</span> <span class='ocrx_word' id='word_1_288' title='bbox 1280 3589 1353 3669; x_wconf 90' lang='lat' dir='ltr'>ipsa</span> <span class='ocrx_word' id='word_1_289' title='bbox 1375 3589 1499 3654; x_wconf 89' lang='lat' dir='ltr'>locutio</span> 
     </span>
     <span class='ocr_line' id='line_1_32' title="bbox 273 3692 1499 3780; baseline -0.003 -18"><span class='ocrx_word' id='word_1_290' title='bbox 273 3699 451 3778; x_wconf 90' lang='lat' dir='ltr'>quidquam</span> <span class='ocrx_word' id='word_1_291' title='bbox 470 3697 578 3771; x_wconf 88' lang='lat' dir='ltr'>habet,</span> <span class='ocrx_word' id='word_1_292' title='bbox 603 3715 662 3760; x_wconf 87' lang='lat' dir='ltr'>cur</span> <span class='ocrx_word' id='word_1_293' title='bbox 681 3715 754 3761; x_wconf 91' lang='lat' dir='ltr'>eam</span> <span class='ocrx_word' id='word_1_294' title='bbox 773 3697 946 3760; x_wconf 88' lang='lat' dir='ltr'>reiciamus</span> <span class='ocrx_word' id='word_1_295' title='bbox 968 3692 1020 3780; x_wconf 87' lang='lat' dir='ltr'>(de</span> <span class='ocrx_word' id='word_1_296' title='bbox 1039 3702 1155 3760; x_wconf 91' lang='lat' dir='ltr'>neutro</span> <span class='ocrx_word' id='word_1_297' title='bbox 1176 3695 1333 3778; x_wconf 75' lang='grc' dir='ltr'><strong><em>ἐλάχιστον</em></strong></span> <span class='ocrx_word' id='word_1_298' title='bbox 1352 3696 1499 3768; x_wconf 74' lang='lat' dir='ltr'>adverbii</span> 
     </span>
     <span class='ocr_line' id='line_1_33' title="bbox 272 3801 1498 3888; baseline -0.002 -20"><span class='ocrx_word' id='word_1_299' title='bbox 272 3806 344 3870; x_wconf 86' lang='lat' dir='ltr'>vice</span> <span class='ocrx_word' id='word_1_300' title='bbox 364 3803 509 3885; x_wconf 81' lang='lat' dir='ltr'>fungenti</span> <span class='ocrx_word' id='word_1_301' title='bbox 528 3804 593 3868; x_wconf 92' lang='lat' dir='ltr'>vid.</span> <span class='ocrx_word' id='word_1_302' title='bbox 615 3805 726 3868; x_wconf 90' lang='lat' dir='ltr'>adnot.</span> <span class='ocrx_word' id='word_1_303' title='bbox 751 3801 895 3888; x_wconf 83' lang='lat' dir='ltr'>Krucg.).</span> <span class='ocrx_word' id='word_1_304' title='bbox 945 3801 1066 3867; x_wconf 89' lang='lat' dir='ltr'>Contra</span> <span class='ocrx_word' id='word_1_305' title='bbox 1081 3803 1183 3867; x_wconf 89' lang='lat' dir='ltr'>altera</span> <span class='ocrx_word' id='word_1_306' title='bbox 1198 3803 1367 3883; x_wconf 89' lang='lat' dir='ltr'>scriptura,</span> <span class='ocrx_word' id='word_1_307' title='bbox 1385 3822 1498 3884; x_wconf 90' lang='lat' dir='ltr'>quam-</span> 
     </span>
     <span class='ocr_line' id='line_1_34' title="bbox 273 3910 1498 3993; baseline -0.001 -19"><span class='ocrx_word' id='word_1_308' title='bbox 273 3930 371 3993; x_wconf 85' lang='lat' dir='ltr'>quam</span> <span class='ocrx_word' id='word_1_309' title='bbox 396 3912 459 3975; x_wconf 92' lang='lat' dir='ltr'>hoc</span> <span class='ocrx_word' id='word_1_310' title='bbox 482 3911 619 3976; x_wconf 90' lang='lat' dir='ltr'>verbum</span> <span class='ocrx_word' id='word_1_311' title='bbox 643 3911 729 3990; x_wconf 92' lang='lat' dir='ltr'>apud</span> <span class='ocrx_word' id='word_1_312' title='bbox 755 3911 985 3990; x_wconf 87' lang='lat' dir='ltr'>Hippocratem</span> <span class='ocrx_word' id='word_1_313' title='bbox 1010 3917 1108 3988; x_wconf 84' lang='lat' dir='ltr'>extat,</span> <span class='ocrx_word' id='word_1_314' title='bbox 1140 3929 1248 3991; x_wconf 91' lang='lat' dir='ltr'>neque</span> <span class='ocrx_word' id='word_1_315' title='bbox 1275 3910 1342 3974; x_wconf 90' lang='lat' dir='ltr'>ullo</span> <span class='ocrx_word' id='word_1_316' title='bbox 1371 3911 1498 3993; x_wconf 81' lang='lat' dir='ltr'>Thucy-</span> 
     </span>
     <span class='ocr_line' id='line_1_35' title="bbox 273 4015 1496 4098; baseline 0 -18"><span class='ocrx_word' id='word_1_317' title='bbox 273 4019 357 4081; x_wconf 89' lang='lat' dir='ltr'>didis</span> <span class='ocrx_word' id='word_1_318' title='bbox 381 4019 455 4081; x_wconf 89' lang='lat' dir='ltr'>Ioco</span> <span class='ocrx_word' id='word_1_319' title='bbox 479 4020 598 4082; x_wconf 87' lang='lat' dir='ltr'>diserte</span> <span class='ocrx_word' id='word_1_320' title='bbox 619 4017 851 4097; x_wconf 89' lang='lat' dir='ltr'>comprobatur</span> <span class='ocrx_word' id='word_1_321' title='bbox 869 4026 901 4082; x_wconf 92' lang='lat' dir='ltr'>et</span> <span class='ocrx_word' id='word_1_322' title='bbox 921 4019 1003 4082; x_wconf 88' lang='lat' dir='ltr'>duas</span> <span class='ocrx_word' id='word_1_323' title='bbox 1018 4037 1070 4082; x_wconf 89' lang='lat' dir='ltr'>res</span> <span class='ocrx_word' id='word_1_324' title='bbox 1086 4019 1124 4082; x_wconf 89' lang='lat' dir='ltr'>ad</span> <span class='ocrx_word' id='word_1_325' title='bbox 1142 4017 1371 4098; x_wconf 88' lang='lat' dir='ltr'>explicandum</span> <span class='ocrx_word' id='word_1_326' title='bbox 1387 4015 1496 4082; x_wconf 88' lang='lat' dir='ltr'>diffici-</span> 
     </span>
     <span class='ocr_line' id='line_1_36' title="bbox 273 4123 1495 4209; baseline 0 -21"><span class='ocrx_word' id='word_1_327' title='bbox 273 4127 370 4190; x_wconf 88' lang='lat' dir='ltr'>liores</span> <span class='ocrx_word' id='word_1_328' title='bbox 388 4125 497 4188; x_wconf 87' lang='lat' dir='ltr'>habet.</span> <span class='ocrx_word' id='word_1_329' title='bbox 521 4123 666 4189; x_wconf 85' lang='lat' dir='ltr'>Stahlius</span> <span class='ocrx_word' id='word_1_330' title='bbox 689 4124 754 4209; x_wconf 84' lang='lat'>(31,</span> <span class='ocrx_word' id='word_1_331' title='bbox 777 4125 813 4191; x_wconf 81' lang='lat'>2:</span> <span class='ocrx_word' id='word_1_332' title='bbox 839 4125 891 4200; x_wconf 87' lang='lat' dir='ltr'>IV,</span> <span class='ocrx_word' id='word_1_333' title='bbox 914 4125 967 4202; x_wconf 88' lang='grc'>34,</span> <span class='ocrx_word' id='word_1_334' title='bbox 993 4126 1026 4196; x_wconf 84' lang='grc'>1;</span> <span class='ocrx_word' id='word_1_335' title='bbox 1052 4125 1105 4202; x_wconf 78' lang='lat'>35,</span> <span class='ocrx_word' id='word_1_336' title='bbox 1127 4125 1164 4200; x_wconf 90' lang='grc'>4;</span> <span class='ocrx_word' id='word_1_337' title='bbox 1191 4124 1272 4201; x_wconf 90' lang='lat' dir='ltr'>VIII,</span> <span class='ocrx_word' id='word_1_338' title='bbox 1295 4125 1346 4198; x_wconf 84' lang='lat'>17,</span> <span class='ocrx_word' id='word_1_339' title='bbox 1369 4123 1495 4209; x_wconf 70' lang='lat' dir='ltr'>beoll.)</span> 
     </span>
     <span class='ocr_line' id='line_1_37' title="bbox 272 4229 1498 4315; baseline -0.001 -19"><span class='ocrx_word' id='word_1_340' title='bbox 272 4234 332 4296; x_wconf 84' lang='grc' dir='ltr'>οὐκ</span> <span class='ocrx_word' id='word_1_341' title='bbox 359 4229 517 4315; x_wconf 76' lang='grc' dir='ltr'><strong><em>ἐλάχιστον</em></strong></span> <span class='ocrx_word' id='word_1_342' title='bbox 544 4233 630 4296; x_wconf 91' lang='lat' dir='ltr'>idem</span> <span class='ocrx_word' id='word_1_343' title='bbox 660 4238 759 4312; x_wconf 88' lang='lat' dir='ltr'>atque</span> <span class='ocrx_word' id='word_1_344' title='bbox 787 4233 846 4296; x_wconf 84' lang='grc' dir='ltr'>οὐκ</span> <span class='ocrx_word' id='word_1_345' title='bbox 874 4233 1042 4314; x_wconf 65' lang='grc' dir='ltr'><strong><em>ἐλάχιστον</em></strong></span> <span class='ocrx_word' id='word_1_346' title='bbox 1059 4234 1157 4315; x_wconf 83' lang='grc' dir='ltr'><strong><em>μέρος</em></strong></span> <span class='ocrx_word' id='word_1_347' title='bbox 1185 4249 1258 4296; x_wconf 90' lang='lat' dir='ltr'>esse</span> <span class='ocrx_word' id='word_1_348' title='bbox 1282 4231 1404 4308; x_wconf 85' lang='lat' dir='ltr'>statuit,</span> <span class='ocrx_word' id='word_1_349' title='bbox 1432 4251 1498 4312; x_wconf 90' lang='lat' dir='ltr'>qua</span> 
     </span>
     <span class='ocr_line' id='line_1_38' title="bbox 271 4337 1496 4422; baseline -0.002 -18"><span class='ocrx_word' id='word_1_350' title='bbox 271 4359 307 4404; x_wconf 92' lang='lat' dir='ltr'>re</span> <span class='ocrx_word' id='word_1_351' title='bbox 330 4340 513 4420; x_wconf 84' lang='lat' dir='ltr'>genetivum</span> <span class='ocrx_word' id='word_1_352' title='bbox 537 4339 703 4403; x_wconf 89' lang='lat' dir='ltr'>insolitum</span> <span class='ocrx_word' id='word_1_353' title='bbox 726 4345 780 4422; x_wconf 83' lang='grc' dir='ltr'>τῆς</span> <span class='ocrx_word' id='word_1_354' title='bbox 803 4339 905 4422; x_wconf 84' lang='grc' dir='ltr'><strong><em>ὁρμῆς</em></strong></span> <span class='ocrx_word' id='word_1_355' title='bbox 927 4337 1098 4404; x_wconf 85' lang='lat' dir='ltr'>defensum</span> <span class='ocrx_word' id='word_1_356' title='bbox 1122 4338 1205 4414; x_wconf 89' lang='lat' dir='ltr'>vult;</span> <span class='ocrx_word' id='word_1_357' title='bbox 1236 4338 1294 4401; x_wconf 91' lang='lat' dir='ltr'>sed</span> <span class='ocrx_word' id='word_1_358' title='bbox 1317 4337 1496 4402; x_wconf 89' lang='lat' dir='ltr'>similitudo</span> 
     </span>
     <span class='ocr_line' id='line_1_39' title="bbox 272 4444 1495 4530; baseline -0.003 -18"><span class='ocrx_word' id='word_1_359' title='bbox 272 4454 360 4512; x_wconf 87' lang='lat' dir='ltr'>certe</span> <span class='ocrx_word' id='word_1_360' title='bbox 388 4448 426 4511; x_wconf 81' lang='grc' dir='ltr'>οὐ</span> <span class='ocrx_word' id='word_1_361' title='bbox 452 4446 487 4510; x_wconf 85' lang='grc' dir='ltr'>τὸ</span> <span class='ocrx_word' id='word_1_362' title='bbox 515 4447 673 4529; x_wconf 78' lang='grc' dir='ltr'><strong><em>ἐλάχιστον</em></strong></span> <span class='ocrx_word' id='word_1_363' title='bbox 699 4453 754 4530; x_wconf 83' lang='grc' dir='ltr'>τῆς</span> <span class='ocrx_word' id='word_1_364' title='bbox 786 4447 889 4529; x_wconf 86' lang='grc' dir='ltr'><strong><em>ὁρμῆς</em></strong></span> <span class='ocrx_word' id='word_1_365' title='bbox 920 4446 1050 4528; x_wconf 85' lang='lat' dir='ltr'>flagitat.</span> <span class='ocrx_word' id='word_1_366' title='bbox 1099 4444 1149 4508; x_wconf 86' lang='lat' dir='ltr'>Ad</span> <span class='ocrx_word' id='word_1_367' title='bbox 1182 4463 1356 4510; x_wconf 87' lang='lat' dir='ltr'>numerum</span> <span class='ocrx_word' id='word_1_368' title='bbox 1389 4446 1495 4526; x_wconf 86' lang='lat' dir='ltr'>singu·</span> 
     </span>
     <span class='ocr_line' id='line_1_40' title="bbox 271 4551 1496 4630; baseline -0.001 -13"><span class='ocrx_word' id='word_1_369' title='bbox 271 4555 372 4619; x_wconf 90' lang='lat' dir='ltr'>larem</span> <span class='ocrx_word' id='word_1_370' title='bbox 406 4553 631 4618; x_wconf 85' lang='lat' dir='ltr'>excusandum</span> <span class='ocrx_word' id='word_1_371' title='bbox 664 4552 768 4618; x_wconf 81' lang='lat' dir='ltr'>Class</span> <span class='ocrx_word' id='word_1_372' title='bbox 803 4553 855 4630; x_wconf 89' lang='lat' dir='ltr'>IV,</span> <span class='ocrx_word' id='word_1_373' title='bbox 890 4553 943 4630; x_wconf 81' lang='lat'>26,</span> <span class='ocrx_word' id='word_1_374' title='bbox 979 4551 1015 4626; x_wconf 82' lang='lat'>5;</span> <span class='ocrx_word' id='word_1_375' title='bbox 1052 4552 1132 4629; x_wconf 91' lang='lat' dir='ltr'>VIII,</span> <span class='ocrx_word' id='word_1_376' title='bbox 1167 4552 1198 4626; x_wconf 85' lang='lat'>9,</span> <span class='ocrx_word' id='word_1_377' title='bbox 1234 4551 1254 4616; x_wconf 91' lang='grc'>3</span> <span class='ocrx_word' id='word_1_378' title='bbox 1287 4551 1403 4626; x_wconf 87' lang='lat' dir='ltr'>attulit,</span> <span class='ocrx_word' id='word_1_379' title='bbox 1440 4552 1496 4616; x_wconf 92' lang='lat' dir='ltr'>ubi</span> 
     </span>
    </p>
   </div>
   <div class='ocr_carea' id='block_1_13' title="bbox 0 0 1636 5052">
    <p class='ocr_par' dir='ltr' id='par_1_16' title="bbox 0 0 1636 5052">
     <span class='ocr_line' id='line_1_41' title="bbox 0 0 1636 5052; baseline 0 1"><span class='ocrx_word' id='word_1_380' title='bbox 0 0 1636 5052; x_wconf 95' lang='lat' dir='ltr'> </span> 
     </span>
    </p>
   </div>
  </div>
 </body>
</html>
