3262 5052
822 339 884 404 128

156 603 158 610 Ι
238 518 419 582 cusandem
447 517 511 581 loci
536 535 556 581 a
580 517 706 582 Stahlio
734 518 775 581 ad
800 517 822 586 1.
850 518 902 592 90,
932 518 948 580 1
976 516 1029 603 (cl.
1057 517 1173 598 Krueg.
1200 536 1335 597 gramm.
1362 515 1385 602 ξ
1409 516 1463 591 50,

240 624 281 688 10
312 625 387 688 adn.
414 623 446 709 3)
476 623 607 688 collecti
635 622 819 704 proliciunt,
850 643 989 705 quorum
1023 624 1114 688 nullo
1146 641 1266 688 nomen
1299 625 1466 704 proprium

236 731 364 796 numeri
392 731 564 812 singularis
593 731 678 795 sicut
707 731 770 794 hoc
798 731 872 796 loco
901 732 1129 813 interpositum
1153 737 1212 803 est,
1239 749 1301 795 nec
1324 749 1466 812 usquam

236 837 313 902 alibi
337 856 459 902 nomen
482 831 649 918 propriuln
669 837 871 921 Ἱππαγρέτης
894 844 992 902 extat.
1010 835 1091 923 -ξ
1118 837 1148 902 3.
1188 837 1242 901 καί
1261 839 1389 902 ἐκείνων
1407 838 1467 920 μὲν

236 945 351 1008 οὐδένα
370 945 523 1027 ἀφέντων,
542 946 648 1008 αὐτῶν
668 944 703 1007 δὲ
720 950 784 1008 τῶν
798 945 978 1028 Ἀθηναίων
992 946 1175 1008 καλούντων
1188 945 1269 1029 κτλ]
1282 945 1466 1009 rectissime

236 1050 353 1131 Krueg.
379 1051 480 1116 verba
502 1054 566 1115 τῶν
584 1051 765 1134 Ἀθηναίων
784 1051 924 1115 delenda
939 1070 1013 1116 esse
1033 1051 1171 1126 censuit,
1193 1051 1312 1132 quihus
1332 1049 1466 1116 demum

236 1158 354 1221 additis
368 1177 462 1238 pron.
478 1157 615 1231 ἐκείνων,
636 1158 725 1238 quod
745 1158 785 1223 de
807 1157 1075 1224 Lacedaemoniis
1096 1155 1255 1243 (inclusis)
1277 1155 1466 1222 difficillime

236 1266 406 1345 accipitur,
436 1265 625 1346 ambiguum
653 1264 698 1327 fit.
754 1264 906 1329 Ceterum
934 1265 1033 1345 paulo
1062 1266 1164 1346 magis
1193 1265 1357 1347 ἀφιέντων
1387 1265 1466 1347 (οὐκ

235 1371 375 1452 ἀφίεσαν,
405 1370 463 1435 csr.
495 1371 690 1454 καλούντων)
722 1372 876 1452 placeret.
903 1372 1005 1435 --ln
1036 1370 1058 1456 ξ
1089 1371 1109 1436 5
1139 1371 1241 1437 verba
1269 1377 1342 1435 τῶν
1373 1372 1466 1446 ζών-

234 1501 315 1551 των,
335 1497 419 1558 quae
439 1479 480 1542 ad
500 1479 696 1543 sententiam
715 1479 968 1559 intellegendam
988 1479 1085 1559 plane
1100 1479 1206 1543 otiosa
1220 1485 1307 1553 sunt,
1325 1475 1466 1542 fortasse

235 1584 493 1649 additamentum
526 1586 729 1665 pronominis
761 1586 881 1649 τούτων
914 1592 977 1658 est;
1019 1593 1172 1666 suspecta
1210 1603 1249 1650 ea
1286 1585 1465 1650 collocatio

235 1709 366 1772 quoque
394 1692 508 1756 reddit.

325 1797 386 1878 40,
412 1799 440 1862 1.
479 1799 566 1880 παρὰ
590 1800 722 1882 γνώμην
743 1823 775 1863 τε
799 1799 838 1882 δὴ
862 1800 993 1881 μάλιστα
1011 1800 1184 1881 -ἐγένετο
1210 1798 1293 1882 (τοὺς
1314 1797 1374 1880 γὰρ
1393 1799 1464 1862 Λα-

113 1917 117 1924 '
236 1906 455 1988 κεδαιμονίοος
470 1941 513 1951 -
527 1905 764 1989 ἀποθνήσκειν),
787 1907 984 1977 ἀπιστοῦντές
1005 1930 1037 1970 τε
1059 1906 1103 1989 μὴ
1132 1905 1209 1970 εἶναι
1235 1906 1316 1990 κτλ]
1343 1903 1466 1970 frustra

235 2011 459 2075 anacoluthon
484 2030 551 2076 non
577 2010 746 2078 serendum
771 2031 810 2078 eo
835 2018 972 2077 excusat
996 2011 1151 2083 Stahlius,
1183 2012 1271 2092 quod
1300 2013 1466 2078 sententia

234 2117 319 2181 inter
344 2117 431 2200 παρὰ
460 2120 591 2202 γνώμην
616 2155 656 2164 —-
681 2120 800 2200 ἐγένετο
833 2127 864 2183 et
897 2120 1094 2190 ἀπιστοῦντές
1124 2143 1156 2182 τε
1183 2119 1245 2182 κτλ.
1269 2119 1464 2199 interposita

235 2224 291 2299 sit;
317 2243 416 2305 quam
435 2226 596 2290 artissime
618 2244 694 2289 cum
718 2227 757 2289 iis
773 2244 858 2306 quae
878 2234 1060 2306 sequuntur
1079 2214 1267 2300 cohaerere,
1294 2226 1321 2289 si
1343 2243 1464 2290 sensus

234 2349 350 2410 parum
383 2333 581 2411 ostenderet,
618 2338 810 2413 argumento
842 2339 939 2408 esset,
976 2333 1064 2414 quod
1098 2351 1138 2398 ex
1171 2331 1279 2396 verbis
1310 2333 1346 2396 τὰ
1380 2333 1463 2396 ὅπλα

233 2439 433 2519 παραδοῦναι
470 2439 511 2502 ad
548 2439 620 2510 τοὺς
653 2439 855 2522 παραδόντας
885 2439 922 2502 τὰ
956 2440 1037 2503 ὅπλα
1070 2440 1284 2519 repetendum
1316 2445 1376 2503 est.
1426 2440 1463 2503 ln

233 2561 348 2607 verum
375 2545 440 2608 iam
465 2545 644 2626 Madvigius
672 2546 785 2609 incidit
810 2543 895 2630 (adv.
922 2547 991 2610 crit.
1018 2547 1029 2610 l
1054 2567 1084 2626 p.
1111 2543 1188 2631 319)
1218 2547 1397 2628 ἠπίστουν
1424 2571 1464 2610 τε

235 2651 418 2726 coniciens,
459 2671 525 2732 quo
562 2653 713 2716 restituto
752 2658 826 2732 post
861 2653 980 2734 ἐγένετο
1017 2653 1146 2732 plenius
1183 2652 1460 2734 distinguendum,

235 2758 327 2838 signa
363 2776 442 2822 vero
480 2759 684 2838 parenthesis
721 2759 902 2822 omittenda
940 2765 1025 2822 sunt.
1088 2759 1207 2824 Partic.
1241 2784 1274 2822 τε
1306 2759 1380 2823 cod.
1416 2759 1458 2824 M.

234 2864 361 2927 omittit.

325 2969 385 3051 41,
416 2970 447 3035 3.
486 2971 625 3054 λῃστείας
656 2970 710 3034 καί
741 2972 882 3035 τοιούτου
913 2972 1073 3056 πολέμου]
1104 2973 1198 3036 Laut.
1234 2973 1366 3037 exhibet
1397 2981 1461 3037 τοῦ

233 3079 384 3151 τοιούτω,
418 3078 506 3159 quod
539 3078 776 3142 restituendum
810 3085 868 3152 est,
904 3097 980 3142 cum
1013 3085 1089 3143 ante
1116 3082 1177 3143 τοι-
1202 3079 1360 3161 syllabam
1386 3083 1461 3145 arti-

233 3184 328 3247 culus
352 3181 504 3250 facillime
534 3185 684 3252 excidere
714 3187 868 3265 potuerit;
904 3187 1030 3266 positus
1063 3186 1173 3250 estin
1202 3204 1336 3266 prorsus
1364 3187 1462 3252 simili

232 3290 383 3354 iunctura
411 3292 448 3368 ΙΙ,
479 3292 532 3368 47,
563 3293 599 3354 4:
634 3293 788 3374 μαντείαις
820 3293 874 3356 καί
905 3299 967 3364 τοῖς
999 3293 1155 3363 τοιούτοις.
1180 3329 1224 3338 --
1248 3292 1351 3358 Paulo
1385 3302 1462 3360 ante

235 3395 268 3482 (ξ
293 3395 325 3483 2)
351 3416 391 3462 ex
414 3399 488 3462 cod.
516 3399 584 3462 Pal.
611 3399 682 3464 solo
707 3407 773 3483 γῆς
796 3400 881 3466 male
906 3401 1109 3480 expungitur,
1137 3399 1226 3482 quod
1254 3399 1297 3462 oh
1327 3399 1461 3462 homoe-

234 3504 403 3569 oteleuton
426 3504 518 3570 verbi
541 3507 639 3589 οὔσης
662 3507 824 3594 excidisse
847 3507 989 3579 videtum
1016 3515 1048 3570 et
1071 3505 1112 3571 cl.
1138 3525 1169 3570 v.
1196 3525 1224 3570 c.
1251 3506 1289 3582 ll,
1315 3504 1369 3578 29,
1395 3504 1427 3568 3.

323 3611 383 3686 43,
410 3613 438 3676 1.
480 3614 681 3698 ξυνέβαλλεν]
700 3614 733 3677 in
755 3615 849 3678 haur.
872 3618 962 3679 extat
981 3614 1169 3696 ξυνέβαλεν
1189 3615 1355 3696 pugnam
1370 3627 1461 3675 com-

234 3715 352 3796 misit),
383 3719 471 3799 quod
500 3719 542 3783 ob
570 3718 668 3802 ἧλύεν
693 3720 781 3801 quod
805 3719 973 3800 praecedit
996 3719 1215 3800 praetulerim.
1241 3719 1462 3784 -Proxime

232 3824 267 3887 in
291 3824 408 3890 eodem
432 3843 499 3889 non
523 3827 666 3891 deterius
689 3832 817 3908 πρῶτα
842 3826 1002 3901 scribitur,
1030 3824 1070 3889 cf.
1097 3826 1150 3902 66,
1176 3827 1213 3900 4,
1242 3825 1315 3900 124,
1342 3824 1378 3898 3;
1407 3825 1458 3900 Vl,

233 3930 286 4009 39,
316 3932 344 4004 l,
370 3931 427 3994 uhi
450 3950 580 4013 semper
602 3935 704 3997 ἔπειτα
728 3934 884 4013 sequitur.

323 4037 383 4111 44,
408 4037 439 4101 2.
479 4040 499 4120 ἦ
529 4039 563 4103 δὲ
590 4041 667 4122 ἅλλη
696 4040 819 4122 στρατιὰ
846 4040 947 4122 τούτῳ
974 4047 1021 4121 τῷ
1046 4040 1155 4122 τρόπῳ
1184 4039 1222 4103 ού
1250 4039 1330 4102 κατὰ
1354 4039 1462 4115 δίωξιν

232 4145 350 4228 πολλὴν
373 4145 448 4208 οὐδὲ
470 4147 593 4227 ταχείας
615 4153 719 4230 φυγῆς
743 4148 919 4230 γενομένης,
944 4146 1009 4210 ἐπεὶ
1037 4147 1179 4229 ἐβιάσθη,
1207 4146 1287 4230 κτλ]
1314 4147 1461 4228 reliquus

235 4253 398 4317 exercitus
427 4250 670 4318 Corinthiorum
704 4271 806 4317 cornu
834 4254 961 4328 dextro,
992 4253 1048 4316 uhi
1075 4253 1222 4333 plerique
1249 4253 1283 4316 in
1311 4254 1460 4318 cedendo

234 4360 425 4424 occiderunt
459 4357 500 4445 (v.
532 4360 680 4440 proxima
711 4357 903 4444 superiora),
935 4360 1120 4441 opponitur,
1152 4366 1188 4424 ut
1215 4360 1354 4440 scriptor
1386 4379 1461 4425 eum

234 4483 302 4530 non
324 4461 423 4550 supa
455 4460 570 4552 effuso
607 4468 748 4532 cessisse
791 4465 1092 4550 (ίιιαναχωρήσασα)
1136 4466 1257 4532 dixisse
1299 4467 1458 4532 videatur.

235 4572 306 4637 Hoc
338 4574 478 4638 veroin
507 4591 611 4638 cornu
640 4573 790 4638 dextrum
818 4573 914 4654 plane
945 4573 1043 4648 cadit,
1069 4579 1104 4636 ut
1127 4574 1182 4637 vix
1205 4579 1295 4638 recte
1318 4571 1461 4638 Stahlius
