3244 5060
731 325 774 390 69

15 533 16 542 1
144 509 201 566 νῦν
224 503 329 566 solum
354 501 440 588 (ante
463 501 576 590 μόνον)
601 505 746 568 additum
767 511 826 568 est.
876 506 995 570 Veram
1015 504 1152 570 formam
1175 503 1365 588 Θράσυλλος,

143 629 229 690 quae
251 610 438 675 testimonio
462 611 639 675 Herodiani
658 611 890 692 comprobatur
911 610 963 697 (cf.
984 613 1096 677 adnot.
1119 610 1256 697 Stante),
1274 629 1365 694 prae·

142 725 193 781 ter
219 719 307 781 hunc
335 716 445 781 locum
472 723 505 782 et
532 735 561 780 o.
590 717 663 794 100,
692 719 708 780 1
738 717 860 799 ubique
884 735 1002 783 manus
1025 737 1073 800 pr.
1101 720 1194 782 Laur.
1220 719 1362 800 scripsit;

141 826 175 887 in
210 825 312 889 Vatic.
347 824 469 904 passim
502 842 560 904 per
590 841 694 888 uuum
725 825 743 887 λ
775 824 938 888 scribitur.
964 823 1053 911 -ξ
1085 823 1106 890 5
1139 826 1212 890 adv.
1247 848 1301 889 ποι
1330 827 1366 890 iu

141 931 236 994 Laur.
264 931 378 996 deest·
1412 1003 1415 1008 ,

234 1038 292 1118 74,
319 1038 334 1101 1
360 1039 394 1100 in
418 1038 512 1102 Laur.
539 1055 597 1117 pro
622 1037 854 1119 ἀπαγγελοῦντα
878 1043 928 1102 est
951 1038 1159 1120 ἀγγελοῦντες,
1188 1039 1276 1120 quod
1304 1039 1365 1103 sal·

139 1151 208 1208 tem
235 1144 433 1225 ἀγγέλλοντες
460 1163 533 1209 esse
557 1143 678 1211 debuit.
708 1181 747 1188 -
772 1141 794 1227 ξ
818 1143 838 1206 2
862 1144 896 1206 in
921 1143 1015 1208 Laut.
1042 1145 1195 1210 scribitur
1216 1147 1366 1229 μετεκβι-

137 1253 299 1333 βάσαντες,
323 1251 412 1330 quod
435 1251 572 1315 verbum
591 1249 651 1314 Dio
672 1248 763 1314 Cass.
784 1249 922 1326 XLVlll,
939 1250 982 1314 47
1003 1269 1137 1332 prorsus
1156 1252 1253 1316 simili
1267 1253 1366 1317 modo

138 1357 259 1438 posuit,
291 1358 535 1441 μετεμβιβάζειν
562 1358 603 1422 (Ιο
632 1357 746 1422 eadem
775 1354 841 1421 fere
864 1375 900 1422 re
923 1357 1110 1441 Polyaenus
1136 1360 1172 1436 V,
1197 1359 1239 1422 41
1274 1359 1364 1436 dixit,

14 1471 17 1484 '
137 1473 175 1527 ut
206 1465 288 1528 illud
322 1471 410 1527 certo
442 1481 509 1528 non
537 1464 679 1529 deterius
712 1463 762 1526 sit.
788 1499 833 1509 -
856 1464 892 1528 ln
918 1461 941 1550 ξ
969 1464 989 1529 3
1017 1472 1092 1546 post
1119 1465 1230 1530 ὁπόσοι
1259 1466 1363 1530 Vatic.

138 1571 232 1635 solus
259 1577 342 1652 part.
372 1594 404 1634 τε
430 1577 518 1636 recte
549 1571 677 1635 omittit.
705 1607 746 1616 —
770 1570 807 1633 ln
831 1571 925 1635 Laur.
952 1579 1003 1637 est
1024 1573 1249 1646 ὑπακούσωσι,
1278 1572 1366 1652 quod

138 1696 198 1757 pro
224 1675 334 1740 futuro
359 1683 474 1742 exacto
499 1678 641 1757 positum
665 1695 732 1741 non
755 1678 864 1741 minus
887 1685 1001 1758 aptum
1023 1685 1082 1744 est.

234 1783 292 1857 to,
319 1784 334 1846 1
366 1785 478 1863 partio.
509 1803 615 1864 praes.
646 1785 843 1858 ἀκούοντες,
873 1786 962 1865 quod
990 1805 1008 1852 e
1039 1785 1141 1850 Vatic.
1171 1793 1367 1866 receperunt

137 1891 245 1955 Closs.
273 1897 304 1955 et
329 1889 442 1964 Stant,
469 1891 567 1955 etiam
592 1891 686 1956 Laur.
713 1891 856 1970 praebet.
879 1893 1056 1957 —Paullo
1080 1891 1164 1957 inira
1187 1894 1299 1957 nescio
1323 1910 1366 1957 an

137 1999 303 2078 scriptura
330 1997 425 2060 Laus.
455 1997 513 2061 ἐπὶ
541 2003 605 2061 τῶν
632 1997 736 2061 ἄλλων
761 1997 834 2069 τοὺς
860 2000 1070 2082 μετασχόντας
1100 1997 1216 2084 (Velie.
1247 2009 1279 2064 et
1309 1999 1363 2062 all.

14 2181 16 2190 Ι
136 2102 194 2190 ἔτι)
227 2103 399 2168 retinenda
430 2104 481 2178 sit,
517 2101 558 2168 cf.
591 2104 708 2185 Krueg.
738 2101 876 2184 gramm.¹
899 2104 922 2190 ξ
945 2106 998 2180 47,
1025 2106 1046 2169 9
1076 2106 1151 2170 adn.
1187 2105 1227 2168 19
1260 2111 1293 2170 et
1324 2105 1366 2171 de

138 2229 292 2292 praepos.
323 2211 459 2290 repetita
487 2210 554 2287 Vll,
585 2211 639 2286 62,
668 2211 697 2274 1.
723 2247 766 2257 -
789 2211 826 2274 ln
850 2210 872 2297 ξ
896 2211 916 2275 2
941 2213 1035 2276 Laur.
1061 2218 1250 2294 autumpnae
1274 2209 1362 2296 (cett.

14 2307 16 2338 ¹
137 2314 339 2404 μεταστῆσαι)
382 2317 526 2393 exhibet,
575 2318 664 2398 quod
712 2316 851 2382 fortasse
892 2319 967 2384 ideo
1009 2317 1257 2399 praeferendum
1304 2326 1363 2394 est,

139 2425 220 2504 quia
251 2424 421 2504 imperium
456 2423 658 2504 optimatium
691 2423 985 2506 numquam·Sami
1017 2431 1128 2506 aperte
1153 2426 1365 2489 constitutum

139 2539 221 2608 erat,
248 2528 289 2594 ef.
316 2547 388 2611 cap.
416 2530 472 2607 73;
498 2531 591 2596 aliter
614 2532 702 2595 eninr
725 2531 835 2612 paullo
859 2529 942 2596 infra
963 2533 1120 2616 μεταβολὴ
1145 2539 1177 2596 et
1201 2551 1229 2596 c.
1252 2531 1305 2608 81,
1329 2533 1363 2597 1:

138 2639 305 2720 μετέστησε
326 2636 362 2700 τὰ
385 2637 554 2720 πράγματα
584 2637 624 2702 de
654 2638 753 2702 rebus
780 2639 814 2701 in
842 2639 999 2703 maiorem
1027 2638 1210 2704 libertatern
1234 2639 1366 2703 mutatis
1450 2621 1453 2628 ¹

141 2743 230 2807 dicta
258 2750 344 2807 sunt.
393 2743 439 2808 De
468 2745 713 2810 constructione
742 2743 782 2808 cf,
813 2745 865 2821 ΙΙΙ,
896 2744 949 2820 65,
981 2745 1011 2809 2.
1046 2783 1090 2792 -
1120 2747 1239 2810 Veram
1267 2746 1366 2826 scrip·

142 2858 248 2914 turam
283 2851 580 2934 ἀημοκροτήσεσάαι
613 2851 746 2932 praebet
780 2852 875 2916 Laut.
913 2850 1028 2937 (Vatic.
1061 2849 1292 2937 -τηάήσεσάοά,
1323 2849 1364 2916 cf.

141 2957 194 3031 48,
221 2955 253 3020 5.

234 3062 336 3142 762
365 3073 441 3128 ante
467 3067 640 3147 προτέρους
666 3066 700 3128 in
725 3066 819 3129 Laur.
846 3066 959 3145 partic.
984 3065 1043 3146 μὲν
1065 3064 1237 3128 intercidit.
1330 3065 1366 3128 lu

142 3168 197 3254 §3
218 3189 277 3250 pro
300 3172 529 3254 ποριμωτέρων
551 3171 585 3234 in
608 3171 713 3236 Velie.
740 3172 850 3252 glossa
871 3172 1082 3254 πορτμώτεροι
1105 3172 1136 3234 ολ
1157 3171 1368 3253 εὐπορώτεροι

143 3277 283 3357 irrepsil3
309 3277 343 3340 in
366 3277 481 3341 eodem
506 3278 591 3342 male
614 3279 799 3342 καθιστάναι
822 3278 984 3342 scribitur.
1011 3313 1052 3322 -
1075 3275 1098 3362 ξ
1120 3277 1141 3341 4
1165 3277 1309 3342 Stahlius
1331 3277 1366 3341 in

144 3385 193 3447 ed.
224 3384 279 3448 alt.
309 3390 399 3448 reete
425 3384 480 3455 τάς
506 3409 537 3448 τε
564 3385 659 3456 ἄλλος
680 3385 792 3459 πόλεις,
817 3385 905 3466 quod
930 3383 1025 3448 Laur.
1051 3383 1193 3460 exhibet,
1219 3384 1363 3464 scripsit;

105 3479 108 3486 '
142 3492 175 3554 in
210 3491 313 3554 Vatio.
348 3489 484 3555 verbum
521 3491 628 3565 ἄλλος,
666 3511 731 3572 quo
769 3492 879 3555 addito
911 3491 1059 3555 civitates
1092 3491 1200 3555 socias
1228 3490 1365 3554 Athenis

143 3597 368 3662 deficientibus
402 3604 498 3663 acute
532 3599 698 3678 oppositas
731 3616 804 3663 esse
837 3598 1061 3663 diasceuastes
1095 3615 1160 3661 non
1193 3595 1363 3672 intellexit,

144 3705 299 3768 omissum
333 3710 392 3781 est,
428 3705 513 3768 sicut
544 3705 578 3766 in
611 3705 729 3770 eodem
762 3705 835 3770 eod.
872 3704 938 3780 Vll,
973 3705 1025 3778 70,
1056 3704 1087 3780 2,
1119 3723 1149 3784 q.
1176 3704 1197 3766 l.
1224 3702 1365 3768 conferri

143 3811 250 3875 veliin.
276 3810 511 3891 -Scriptura
542 3811 643 3876 Vatio.
674 3813 832 3895 ὡρμῶντο
863 3809 1002 3876 fortasse
1033 3811 1183 3892 vulgatae
1216 3812 1366 3894 ὥρμηντο

143 3916 356 3997 pracferenda
389 3924 452 3992 est;
492 3915 533 3980 of.
565 3923 676 3983 tamen
709 3919 746 3994 ll,
776 3919 807 3994 9,
836 3919 865 3981 l..
913 3915 998 3982 lnlra
1032 3918 1134 3982 Valic.
1164 3919 1245 4001 ἥπερ
1272 3918 1364 4000 ἐλάχ,

16 4079 17 4102 ,
145 4024 237 4088 Laur.
261 4015 347 4108 λλοχ.
372 4025 489 4108 διῆλθε,
513 4029 650 4106 uterquc
673 4025 708 4088 τὸ
722 4025 902 4108 Ἀθηναίων
920 4025 1036 4107 κράτος
1050 4024 1194 4104 praehet.
1214 4061 1254 4070 --
1270 4024 1362 4088 lnfin.

144 4133 324 4210 praesentis
356 4131 512 4211 temporis
544 4131 721 4214 ἀμύνεσθαι
745 4130 867 4217 (Laus.)
897 4132 937 4196 de
961 4129 1152 4196 defensione
1175 4133 1366 4196 continuata

16 4235 17 4238 ’
145 4240 267 4316 positus
291 4239 479 4318 aptissimus
503 4243 553 4302 cst
577 4235 630 4322 (cl.
657 4239 774 4318 llrucg.
800 4255 935 4318 gramm.
957 4236 980 4323 ξ
999 4237 1052 4314 53,
1073 4238 1181 4304 ludu.
1203 4238 1246 4322 6),
1273 4255 1363 4317 prae·

146 4347 253 4410 sertim
290 4363 366 4410 oum
402 4345 553 4428 ὑπάρχειν
589 4346 818 4425 praecesserit3
857 4346 891 4408 iu
924 4345 1027 4409 Vatic.
1062 4345 1134 4408 solo
1166 4345 1364 4427 ἀμυνεῖσθαι

16 4439 18 4502 ἶ
147 4454 299 4534 scriptum
333 4459 392 4527 est,
427 4453 587 4516 incertum
621 4471 664 4517 an
695 4458 892 4516 correctura.
918 4489 961 4497 —
985 4451 1019 4514 ln
1043 4449 1066 4536 ξ
1088 4450 1109 4515 ὀ
1132 4459 1206 4531 post
1235 4451 1365 4522 ἑαυτούς

145 4562 255 4638 partic.
281 4583 321 4633 τε,
345 4565 380 4622 ut
404 4559 515 4638 partic.
542 4557 595 4622 nal
618 4566 694 4623 ante
713 4565 769 4622 νῦν
787 4559 913 4638 positae
932 4558 1139 4637 respondeat,
1160 4558 1363 4622 retinendam
