<?xml version="1.0" encoding="UTF-8"?>
<!DOCTYPE html PUBLIC "-//W3C//DTD XHTML 1.0 Transitional//EN"
    "http://www.w3.org/TR/xhtml1/DTD/xhtml1-transitional.dtd">
<html xmlns="http://www.w3.org/1999/xhtml" xml:lang="en" lang="en">
 <head>
  <title>
</title>
<meta http-equiv="Content-Type" content="text/html;charset=utf-8" />
  <meta name='ocr-system' content='tesseract 3.04.00' />
  <meta name='ocr-capabilities' content='ocr_page ocr_carea ocr_par ocr_line ocrx_word'/>
</head>
<body>
  <div class='ocr_page' id='page_1' title='image "./commentariicrit00hudegoog_0032.png"; bbox 0 0 3244 5060; ppageno 0'>
   <div class='ocr_carea' id='block_1_1' title="bbox 699 356 791 432">
    <p class='ocr_par' dir='ltr' id='par_1_1' title="bbox 699 356 791 432">
     <span class='ocr_line' id='line_1_1' title="bbox 699 356 791 432; baseline 0.011 -14"><span class='ocrx_word' id='word_1_1' title='bbox 699 356 791 432; x_wconf 87' lang='grc' dir='ltr'>Ι19</span> 
     </span>
    </p>
   </div>
   <div class='ocr_carea' id='block_1_2' title="bbox 157 532 1448 1576">
    <p class='ocr_par' dir='ltr' id='par_1_2' title="bbox 159 532 1431 1354">
     <span class='ocr_line' id='line_1_2' title="bbox 164 532 1378 623; baseline 0.007 -29"><span class='ocrx_word' id='word_1_2' title='bbox 164 532 414 596; x_wconf 79' lang='lat' dir='ltr'>collocationem</span> <span class='ocrx_word' id='word_1_3' title='bbox 450 534 622 615; x_wconf 86' lang='grc' dir='ltr'><strong><em>χρημάτων</em></strong></span> <span class='ocrx_word' id='word_1_4' title='bbox 658 535 791 615; x_wconf 84' lang='grc' dir='ltr'><strong><em>γέμοντα</em></strong></span> <span class='ocrx_word' id='word_1_5' title='bbox 828 535 982 613; x_wconf 84' lang='lat' dir='ltr'>praebeat</span> <span class='ocrx_word' id='word_1_6' title='bbox 1019 535 1143 600; x_wconf 86' lang='lat' dir='ltr'>dubito.</span> <span class='ocrx_word' id='word_1_7' title='bbox 1174 574 1217 582; x_wconf 95' lang='lat'><em>-</em></span> <span class='ocrx_word' id='word_1_8' title='bbox 1246 538 1281 601; x_wconf 92' lang='lat' dir='ltr'>ln</span> <span class='ocrx_word' id='word_1_9' title='bbox 1308 536 1331 623; x_wconf 64' lang='grc' dir='ltr'><em>ξ</em></span> <span class='ocrx_word' id='word_1_10' title='bbox 1358 541 1378 602; x_wconf 85' lang='grc'><strong>4</strong></span> 
     </span>
     <span class='ocr_line' id='line_1_3' title="bbox 163 639 1380 724; baseline 0.008 -24"><span class='ocrx_word' id='word_1_11' title='bbox 163 639 267 702; x_wconf 84' lang='lat' dir='ltr'>Vatic.</span> <span class='ocrx_word' id='word_1_12' title='bbox 302 639 410 702; x_wconf 81' lang='grc' dir='ltr'><strong><em>ἔπλεον</em></strong></span> <span class='ocrx_word' id='word_1_13' title='bbox 442 639 588 711; x_wconf 84' lang='lat' dir='ltr'>exhibet;</span> <span class='ocrx_word' id='word_1_14' title='bbox 627 641 661 701; x_wconf 88' lang='lat' dir='ltr'>in</span> <span class='ocrx_word' id='word_1_15' title='bbox 694 663 740 721; x_wconf 83' lang='grc' dir='ltr'>γρ.</span> <span class='ocrx_word' id='word_1_16' title='bbox 774 648 823 704; x_wconf 86' lang='lat' dir='ltr'>est</span> <span class='ocrx_word' id='word_1_17' title='bbox 854 643 1071 724; x_wconf 85' lang='grc' dir='ltr'><strong><em>παρενέπλεον,</em></strong></span> <span class='ocrx_word' id='word_1_18' title='bbox 1110 643 1197 723; x_wconf 88' lang='lat' dir='ltr'>quod</span> <span class='ocrx_word' id='word_1_19' title='bbox 1230 663 1269 709; x_wconf 86' lang='lat' dir='ltr'>ex</span> <span class='ocrx_word' id='word_1_20' title='bbox 1301 663 1380 710; x_wconf 83' lang='lat' dir='ltr'>vera</span> 
     </span>
     <span class='ocr_line' id='line_1_4' title="bbox 161 745 1431 828; baseline 0.006 -22"><span class='ocrx_word' id='word_1_21' title='bbox 161 745 322 824; x_wconf 87' lang='lat' dir='ltr'>scriptura</span> <span class='ocrx_word' id='word_1_22' title='bbox 357 746 532 828; x_wconf 79' lang='grc' dir='ltr'><strong><em>παρέπλεον</em></strong></span> <span class='ocrx_word' id='word_1_23' title='bbox 568 753 756 826; x_wconf 90' lang='lat' dir='ltr'>corruptum</span> <span class='ocrx_word' id='word_1_24' title='bbox 792 765 865 811; x_wconf 88' lang='lat' dir='ltr'>esse</span> <span class='ocrx_word' id='word_1_25' title='bbox 897 749 1034 813; x_wconf 89' lang='lat' dir='ltr'>videtur.</span> <span class='ocrx_word' id='word_1_26' title='bbox 1097 747 1182 813; x_wconf 80' lang='lat' dir='ltr'>Infra</span> <span class='ocrx_word' id='word_1_27' title='bbox 1214 752 1311 814; x_wconf 86' lang='lat' dir='ltr'>etiam</span> <span class='ocrx_word' id='word_1_28' title='bbox 1344 752 1378 814; x_wconf 90' lang='lat' dir='ltr'>in</span> <span class='ocrx_word' id='word_1_29' title='bbox 1430 819 1431 822; x_wconf 49' lang='lat'>,</span> 
     </span>
     <span class='ocr_line' id='line_1_5' title="bbox 162 850 1377 939; baseline 0.006 -26"><span class='ocrx_word' id='word_1_30' title='bbox 162 850 257 913; x_wconf 88' lang='lat' dir='ltr'>Laur.</span> <span class='ocrx_word' id='word_1_31' title='bbox 291 857 343 915; x_wconf 80' lang='lat' dir='ltr'>est</span> <span class='ocrx_word' id='word_1_32' title='bbox 373 851 578 934; x_wconf 70' lang='grc' dir='ltr'><strong><em>ἐδυνήθησαν</em></strong></span> <span class='ocrx_word' id='word_1_33' title='bbox 612 852 690 937; x_wconf 84' lang='lat' dir='ltr'>(non</span> <span class='ocrx_word' id='word_1_34' title='bbox 722 852 796 938; x_wconf 68' lang='grc' dir='ltr'>ἠέ).</span> <span class='ocrx_word' id='word_1_35' title='bbox 822 891 866 899; x_wconf 89' lang='lat'>—-</span> <span class='ocrx_word' id='word_1_36' title='bbox 888 852 910 939; x_wconf 65' lang='grc' dir='ltr'>ξ</span> <span class='ocrx_word' id='word_1_37' title='bbox 933 853 953 918; x_wconf 88' lang='lat'>5</span> <span class='ocrx_word' id='word_1_38' title='bbox 978 855 1082 918; x_wconf 88' lang='lat' dir='ltr'>Vatic.</span> <span class='ocrx_word' id='word_1_39' title='bbox 1119 857 1258 936; x_wconf 84' lang='lat' dir='ltr'>pessime</span> <span class='ocrx_word' id='word_1_40' title='bbox 1286 881 1377 924; x_wconf 85' lang='grc' dir='ltr'><strong><em>σισυ-</em></strong></span> 
     </span>
     <span class='ocr_line' id='line_1_6' title="bbox 160 958 1377 1048; baseline 0.007 -30"><span class='ocrx_word' id='word_1_41' title='bbox 160 958 321 1038; x_wconf 82' lang='grc' dir='ltr'><strong><em>ραιμάιιον</em></strong></span> <span class='ocrx_word' id='word_1_42' title='bbox 352 958 500 1038; x_wconf 86' lang='lat' dir='ltr'>praebet;</span> <span class='ocrx_word' id='word_1_43' title='bbox 535 959 682 1039; x_wconf 90' lang='lat' dir='ltr'>sequitur</span> <span class='ocrx_word' id='word_1_44' title='bbox 713 961 815 1024; x_wconf 88' lang='lat' dir='ltr'>enim:</span> <span class='ocrx_word' id='word_1_45' title='bbox 850 963 905 1031; x_wconf 84' lang='grc' dir='ltr'>οὓς</span> <span class='ocrx_word' id='word_1_46' title='bbox 937 962 998 1024; x_wconf 84' lang='grc' dir='ltr'><strong><em>κτλ.</em></strong></span> <span class='ocrx_word' id='word_1_47' title='bbox 1033 997 1073 1006; x_wconf 93' lang='grc'>-</span> <span class='ocrx_word' id='word_1_48' title='bbox 1108 961 1144 1024; x_wconf 91' lang='lat' dir='ltr'>In</span> <span class='ocrx_word' id='word_1_49' title='bbox 1175 960 1197 1048; x_wconf 69' lang='grc' dir='ltr'>ξ</span> <span class='ocrx_word' id='word_1_50' title='bbox 1229 963 1249 1026; x_wconf 93' lang='grc'><strong>9</strong></span> <span class='ocrx_word' id='word_1_51' title='bbox 1281 965 1377 1044; x_wconf 89' lang='lat' dir='ltr'>parti-</span> 
     </span>
     <span class='ocr_line' id='line_1_7' title="bbox 160 1063 1378 1146; baseline 0.006 -20"><span class='ocrx_word' id='word_1_52' title='bbox 160 1063 269 1126; x_wconf 88' lang='lat' dir='ltr'>culam</span> <span class='ocrx_word' id='word_1_53' title='bbox 301 1063 350 1137; x_wconf 86' lang='grc' dir='ltr'>αὗ,</span> <span class='ocrx_word' id='word_1_54' title='bbox 383 1083 481 1146; x_wconf 86' lang='lat' dir='ltr'>quam</span> <span class='ocrx_word' id='word_1_55' title='bbox 510 1071 543 1129; x_wconf 85' lang='lat' dir='ltr'>et</span> <span class='ocrx_word' id='word_1_56' title='bbox 566 1065 660 1129; x_wconf 89' lang='lat' dir='ltr'>Lanr.</span> <span class='ocrx_word' id='word_1_57' title='bbox 692 1071 724 1130; x_wconf 91' lang='lat' dir='ltr'>et</span> <span class='ocrx_word' id='word_1_58' title='bbox 750 1067 854 1130; x_wconf 80' lang='lat' dir='ltr'>Vade.</span> <span class='ocrx_word' id='word_1_59' title='bbox 887 1068 1048 1144; x_wconf 88' lang='lat' dir='ltr'>omittunt,</span> <span class='ocrx_word' id='word_1_60' title='bbox 1084 1074 1174 1132; x_wconf 87' lang='lat' dir='ltr'>recte</span> <span class='ocrx_word' id='word_1_61' title='bbox 1205 1069 1378 1133; x_wconf 90' lang='lat' dir='ltr'>secludunt</span> 
     </span>
     <span class='ocr_line' id='line_1_8' title="bbox 159 1169 1375 1256; baseline 0.006 -23"><span class='ocrx_word' id='word_1_62' title='bbox 159 1169 312 1234; x_wconf 83' lang='lat' dir='ltr'>editores.</span> <span class='ocrx_word' id='word_1_63' title='bbox 358 1171 394 1234; x_wconf 92' lang='lat' dir='ltr'>In</span> <span class='ocrx_word' id='word_1_64' title='bbox 418 1171 482 1235; x_wconf 91' lang='lat' dir='ltr'>fine</span> <span class='ocrx_word' id='word_1_65' title='bbox 506 1172 620 1251; x_wconf 88' lang='lat' dir='ltr'>capitis</span> <span class='ocrx_word' id='word_1_66' title='bbox 643 1173 677 1235; x_wconf 92' lang='lat' dir='ltr'>in</span> <span class='ocrx_word' id='word_1_67' title='bbox 701 1173 804 1235; x_wconf 91' lang='lat' dir='ltr'>Vatic.</span> <span class='ocrx_word' id='word_1_68' title='bbox 832 1173 1191 1256; x_wconf 79' lang='grc' dir='ltr'><strong><em>ὁιαπεπσλεμησόμενσν</em></strong></span> <span class='ocrx_word' id='word_1_69' title='bbox 1214 1175 1375 1253; x_wconf 83' lang='lat' dir='ltr'>scribitur,</span> 
     </span>
     <span class='ocr_line' id='line_1_9' title="bbox 161 1275 506 1354; baseline 0.006 -16"><span class='ocrx_word' id='word_1_70' title='bbox 161 1275 201 1338; x_wconf 88' lang='lat' dir='ltr'>cl.</span> <span class='ocrx_word' id='word_1_71' title='bbox 229 1275 304 1339; x_wconf 86' lang='lat' dir='ltr'>adn.</span> <span class='ocrx_word' id='word_1_72' title='bbox 331 1278 372 1340; x_wconf 88' lang='lat' dir='ltr'>ad</span> <span class='ocrx_word' id='word_1_73' title='bbox 399 1278 449 1354; x_wconf 76' lang='lat'>14,</span> <span class='ocrx_word' id='word_1_74' title='bbox 476 1277 506 1342; x_wconf 88' lang='lat'>3.</span> 
     </span>
    </p>

    <p class='ocr_par' dir='ltr' id='par_1_3' title="bbox 157 1383 1448 1576">
     <span class='ocr_line' id='line_1_10' title="bbox 250 1383 1373 1466; baseline 0.006 -19"><span class='ocrx_word' id='word_1_75' title='bbox 250 1383 309 1460; x_wconf 85' lang='grc'>26,</span> <span class='ocrx_word' id='word_1_76' title='bbox 333 1383 352 1445; x_wconf 96' lang='grc'><strong>2</strong></span> <span class='ocrx_word' id='word_1_77' title='bbox 377 1385 489 1464; x_wconf 87' lang='lat' dir='ltr'>partic.</span> <span class='ocrx_word' id='word_1_78' title='bbox 515 1385 581 1466; x_wconf 82' lang='grc' dir='ltr'>ἅμα</span> <span class='ocrx_word' id='word_1_79' title='bbox 606 1385 710 1448; x_wconf 85' lang='lat' dir='ltr'>Vatic.</span> <span class='ocrx_word' id='word_1_80' title='bbox 742 1386 832 1449; x_wconf 89' lang='lat' dir='ltr'>solus</span> <span class='ocrx_word' id='word_1_81' title='bbox 860 1391 948 1450; x_wconf 91' lang='lat' dir='ltr'>recte</span> <span class='ocrx_word' id='word_1_82' title='bbox 976 1385 1133 1466; x_wconf 86' lang='lat' dir='ltr'>praebere</span> <span class='ocrx_word' id='word_1_83' title='bbox 1157 1389 1297 1460; x_wconf 89' lang='lat' dir='ltr'>videtur;</span> <span class='ocrx_word' id='word_1_84' title='bbox 1333 1387 1373 1454; x_wconf 88' lang='lat' dir='ltr'>of.</span> 
     </span>
     <span class='ocr_line' id='line_1_11' title="bbox 157 1489 1448 1576; baseline 0.007 -26"><span class='ocrx_word' id='word_1_85' title='bbox 157 1495 269 1554; x_wconf 85' lang='lat' dir='ltr'>tamen</span> <span class='ocrx_word' id='word_1_86' title='bbox 298 1489 339 1553; x_wconf 91' lang='lat' dir='ltr'>ad</span> <span class='ocrx_word' id='word_1_87' title='bbox 363 1490 443 1567; x_wconf 90' lang='lat' dir='ltr'><strong>VIII,</strong></span> <span class='ocrx_word' id='word_1_88' title='bbox 474 1489 528 1567; x_wconf 82' lang='lat'>43,</span> <span class='ocrx_word' id='word_1_89' title='bbox 559 1491 589 1554; x_wconf 95' lang='grc'><strong>2.</strong></span> <span class='ocrx_word' id='word_1_90' title='bbox 616 1529 659 1537; x_wconf 95' lang='grc'><strong>-</strong></span> <span class='ocrx_word' id='word_1_91' title='bbox 683 1492 718 1554; x_wconf 91' lang='lat' dir='ltr'>In</span> <span class='ocrx_word' id='word_1_92' title='bbox 741 1489 764 1576; x_wconf 69' lang='grc' dir='ltr'>ξ</span> <span class='ocrx_word' id='word_1_93' title='bbox 787 1491 806 1555; x_wconf 88' lang='grc'><strong>3</strong></span> <span class='ocrx_word' id='word_1_94' title='bbox 830 1511 889 1571; x_wconf 92' lang='lat' dir='ltr'>pro</span> <span class='ocrx_word' id='word_1_95' title='bbox 913 1492 1044 1572; x_wconf 82' lang='lat' dir='ltr'>vulgato</span> <span class='ocrx_word' id='word_1_96' title='bbox 1068 1494 1188 1556; x_wconf 78' lang='grc' dir='ltr'><strong><em>ἐπέπλει</em></strong></span> <span class='ocrx_word' id='word_1_97' title='bbox 1211 1495 1244 1556; x_wconf 85' lang='lat' dir='ltr'>In</span> <span class='ocrx_word' id='word_1_98' title='bbox 1268 1495 1373 1559; x_wconf 85' lang='lat' dir='ltr'>Vatic.</span> <span class='ocrx_word' id='word_1_99' title='bbox 1445 1533 1448 1538; x_wconf 91' lang='lat'><em>·</em></span> 
     </span>
    </p>
   </div>
   <div class='ocr_carea' id='block_1_3' title="bbox 157 1616 1376 1752">
    <p class='ocr_par' dir='ltr' id='par_1_4' title="bbox 157 1616 1376 1752">
     <span class='ocr_line' id='line_1_12' title="bbox 157 1616 1376 1752; baseline 0.007 -50"><span class='ocrx_word' id='word_1_100' title='bbox 157 1646 207 1703; x_wconf 90' lang='lat' dir='ltr'>est</span> <span class='ocrx_word' id='word_1_101' title='bbox 239 1641 446 1722; x_wconf 83' lang='grc' dir='ltr'><strong><em>έπιπαρέπλει,</em></strong></span> <span class='ocrx_word' id='word_1_102' title='bbox 479 1642 566 1722; x_wconf 92' lang='lat' dir='ltr'>quod</span> <span class='ocrx_word' id='word_1_103' title='bbox 599 1661 617 1707; x_wconf 88' lang='lat' dir='ltr'>e</span> <span class='ocrx_word' id='word_1_104' title='bbox 650 1650 838 1708; x_wconf 89' lang='lat' dir='ltr'>correctura</span> <span class='ocrx_word' id='word_1_105' title='bbox 866 1616 1043 1752; x_wconf 54' lang='grc' dir='ltr'><em>(ῗαὲώι)</em></span> <span class='ocrx_word' id='word_1_106' title='bbox 1070 1650 1177 1707; x_wconf 89' lang='lat' dir='ltr'>ortum</span> <span class='ocrx_word' id='word_1_107' title='bbox 1208 1663 1280 1710; x_wconf 89' lang='lat' dir='ltr'>esse</span> <span class='ocrx_word' id='word_1_108' title='bbox 1308 1649 1376 1710; x_wconf 92' lang='lat' dir='ltr'>veri</span> 
     </span>
    </p>
   </div>
   <div class='ocr_carea' id='block_1_4' title="bbox 151 1713 1375 4320">
    <p class='ocr_par' dir='ltr' id='par_1_5' title="bbox 153 1713 1375 2097">
     <span class='ocr_line' id='line_1_13' title="bbox 909 1713 933 1750; baseline 0 0"><span class='ocrx_word' id='word_1_109' title='bbox 909 1713 933 1750; x_wconf 85' lang='grc' dir='ltr'><strong><em>π</em></strong></span> 
     </span>
     <span class='ocr_line' id='line_1_14' title="bbox 157 1787 1375 1876; baseline 0.007 -23"><span class='ocrx_word' id='word_1_110' title='bbox 157 1791 262 1854; x_wconf 90' lang='lat' dir='ltr'>simile</span> <span class='ocrx_word' id='word_1_111' title='bbox 292 1796 355 1862; x_wconf 88' lang='lat' dir='ltr'>est;</span> <span class='ocrx_word' id='word_1_112' title='bbox 384 1787 466 1856; x_wconf 83' lang='lat' dir='ltr'>&#39;nam</span> <span class='ocrx_word' id='word_1_113' title='bbox 488 1793 637 1873; x_wconf 80' lang='grc' dir='ltr'><strong><em>παρέπλει</em></strong></span> <span class='ocrx_word' id='word_1_114' title='bbox 660 1793 747 1857; x_wconf 86' lang='lat' dir='ltr'>haud</span> <span class='ocrx_word' id='word_1_115' title='bbox 771 1794 869 1858; x_wconf 92' lang='lat' dir='ltr'>dubie</span> <span class='ocrx_word' id='word_1_116' title='bbox 892 1794 1100 1875; x_wconf 85' lang='lat' dir='ltr'>Thucydides</span> <span class='ocrx_word' id='word_1_117' title='bbox 1124 1796 1262 1876; x_wconf 83' lang='lat' dir='ltr'>scripsit.</span> <span class='ocrx_word' id='word_1_118' title='bbox 1311 1797 1375 1861; x_wconf 88' lang='lat' dir='ltr'>Pro</span> 
     </span>
     <span class='ocr_line' id='line_1_15' title="bbox 155 1897 1373 1985; baseline 0.006 -26"><span class='ocrx_word' id='word_1_119' title='bbox 155 1897 278 1960; x_wconf 78' lang='grc' dir='ltr'><strong><em>ἐκεῖθεν</em></strong></span> <span class='ocrx_word' id='word_1_120' title='bbox 301 1897 404 1960; x_wconf 89' lang='lat' dir='ltr'>Vatie.</span> <span class='ocrx_word' id='word_1_121' title='bbox 431 1899 497 1962; x_wconf 88' lang='grc' dir='ltr'><strong><em>έκεῖ</em></strong></span> <span class='ocrx_word' id='word_1_122' title='bbox 516 1898 662 1970; x_wconf 63' lang='lat' dir='ltr'>exhibes</span> <span class='ocrx_word' id='word_1_123' title='bbox 689 1900 747 1964; x_wconf 90' lang='lat' dir='ltr'>sed</span> <span class='ocrx_word' id='word_1_124' title='bbox 770 1899 811 1964; x_wconf 90' lang='lat' dir='ltr'>cf.</span> <span class='ocrx_word' id='word_1_125' title='bbox 833 1921 863 1964; x_wconf 86' lang='lat' dir='ltr'>v.</span> <span class='ocrx_word' id='word_1_126' title='bbox 886 1920 914 1964; x_wconf 91' lang='lat' dir='ltr'>o.</span> <span class='ocrx_word' id='word_1_127' title='bbox 937 1901 960 1977; x_wconf 91' lang='lat' dir='ltr'>I,</span> <span class='ocrx_word' id='word_1_128' title='bbox 987 1899 1040 1977; x_wconf 90' lang='grc'>62,</span> <span class='ocrx_word' id='word_1_129' title='bbox 1063 1901 1094 1963; x_wconf 81' lang='grc'>4.</span> <span class='ocrx_word' id='word_1_130' title='bbox 1121 1937 1164 1948; x_wconf 90' lang='lat'><em>-</em></span> <span class='ocrx_word' id='word_1_131' title='bbox 1187 1902 1265 1966; x_wconf 90' lang='lat' dir='ltr'>Post</span> <span class='ocrx_word' id='word_1_132' title='bbox 1287 1927 1373 1985; x_wconf 87' lang='grc' dir='ltr'><strong><em>περι-</em></strong></span> 
     </span>
     <span class='ocr_line' id='line_1_16' title="bbox 153 2003 963 2097; baseline 0.005 -31"><span class='ocrx_word' id='word_1_133' title='bbox 153 2005 263 2085; x_wconf 83' lang='grc' dir='ltr'><strong><em>μείνας</em></strong></span> <span class='ocrx_word' id='word_1_134' title='bbox 285 2009 375 2097; x_wconf 79' lang='lat' dir='ltr'>recte</span> <span class='ocrx_word' id='word_1_135' title='bbox 399 2005 502 2068; x_wconf 87' lang='lat' dir='ltr'>Vatic.</span> <span class='ocrx_word' id='word_1_136' title='bbox 528 2007 590 2074; x_wconf 83' lang='grc' dir='ltr'>ἕως</span> <span class='ocrx_word' id='word_1_137' title='bbox 614 2003 702 2089; x_wconf 86' lang='lat' dir='ltr'>(cett.</span> <span class='ocrx_word' id='word_1_138' title='bbox 728 2005 785 2092; x_wconf 81' lang='grc' dir='ltr'>ὡς)</span> <span class='ocrx_word' id='word_1_139' title='bbox 811 2008 963 2071; x_wconf 88' lang='lat' dir='ltr'>servavit.</span> 
     </span>
    </p>

    <p class='ocr_par' dir='ltr' id='par_1_6' title="bbox 151 2110 1374 4320">
     <span class='ocr_line' id='line_1_17' title="bbox 247 2110 1370 2194; baseline 0.004 -20"><span class='ocrx_word' id='word_1_140' title='bbox 247 2110 305 2188; x_wconf 80' lang='grc'>27,</span> <span class='ocrx_word' id='word_1_141' title='bbox 342 2111 356 2172; x_wconf 91' lang='grc'>1</span> <span class='ocrx_word' id='word_1_142' title='bbox 392 2112 483 2174; x_wconf 86' lang='lat' dir='ltr'>artic.</span> <span class='ocrx_word' id='word_1_143' title='bbox 513 2117 576 2175; x_wconf 81' lang='grc' dir='ltr'>τῶν</span> <span class='ocrx_word' id='word_1_144' title='bbox 603 2117 679 2176; x_wconf 88' lang='lat' dir='ltr'>ante</span> <span class='ocrx_word' id='word_1_145' title='bbox 707 2111 847 2194; x_wconf 84' lang='grc' dir='ltr'><strong><em>Θρᾳκῶν</em></strong></span> <span class='ocrx_word' id='word_1_146' title='bbox 871 2114 989 2177; x_wconf 87' lang='lat' dir='ltr'>omittit</span> <span class='ocrx_word' id='word_1_147' title='bbox 1012 2113 1129 2189; x_wconf 84' lang='lat' dir='ltr'>Vatic,</span> <span class='ocrx_word' id='word_1_148' title='bbox 1166 2111 1206 2176; x_wconf 88' lang='lat' dir='ltr'>cf.</span> <span class='ocrx_word' id='word_1_149' title='bbox 1233 2114 1255 2190; x_wconf 92' lang='lat'>1,</span> <span class='ocrx_word' id='word_1_150' title='bbox 1281 2113 1312 2190; x_wconf 88' lang='lat'>5,</span> <span class='ocrx_word' id='word_1_151' title='bbox 1340 2115 1370 2191; x_wconf 90' lang='lat'>3,</span> 
     </span>
     <span class='ocr_line' id='line_1_18' title="bbox 154 2217 1374 2303; baseline 0.004 -23"><span class='ocrx_word' id='word_1_152' title='bbox 154 2217 275 2280; x_wconf 88' lang='lat' dir='ltr'>Herod.</span> <span class='ocrx_word' id='word_1_153' title='bbox 307 2217 330 2291; x_wconf 89' lang='lat' dir='ltr'>I,</span> <span class='ocrx_word' id='word_1_154' title='bbox 362 2217 414 2292; x_wconf 88' lang='grc'>28,</span> <span class='ocrx_word' id='word_1_155' title='bbox 450 2219 507 2282; x_wconf 92' lang='lat' dir='ltr'>sed</span> <span class='ocrx_word' id='word_1_156' title='bbox 539 2218 637 2282; x_wconf 88' lang='lat' dir='ltr'>etiam</span> <span class='ocrx_word' id='word_1_157' title='bbox 660 2218 813 2283; x_wconf 85' lang='lat' dir='ltr'>Aeschin.</span> <span class='ocrx_word' id='word_1_158' title='bbox 845 2219 895 2297; x_wconf 91' lang='lat' dir='ltr'>III,</span> <span class='ocrx_word' id='word_1_159' title='bbox 929 2218 1002 2282; x_wconf 86' lang='grc'><strong>123.</strong></span> <span class='ocrx_word' id='word_1_160' title='bbox 1051 2219 1114 2283; x_wconf 88' lang='lat' dir='ltr'>Pro</span> <span class='ocrx_word' id='word_1_161' title='bbox 1147 2221 1179 2282; x_wconf 83' lang='grc' dir='ltr'>ἐν</span> <span class='ocrx_word' id='word_1_162' title='bbox 1209 2227 1256 2302; x_wconf 77' lang='grc' dir='ltr'>τῷ</span> <span class='ocrx_word' id='word_1_163' title='bbox 1287 2222 1374 2303; x_wconf 71' lang='lat' dir='ltr'>unp</span> 
     </span>
     <span class='ocr_line' id='line_1_19' title="bbox 152 2324 1374 2410; baseline 0.002 -23"><span class='ocrx_word' id='word_1_164' title='bbox 152 2325 242 2405; x_wconf 70' lang='grc' dir='ltr'><strong><em>θέρει</em></strong></span> <span class='ocrx_word' id='word_1_165' title='bbox 274 2324 375 2406; x_wconf 84' lang='grc' dir='ltr'><strong><em>τούτῳ</em></strong></span> <span class='ocrx_word' id='word_1_166' title='bbox 399 2324 502 2387; x_wconf 75' lang='lat' dir='ltr'>Vatis.</span> <span class='ocrx_word' id='word_1_167' title='bbox 532 2330 586 2388; x_wconf 84' lang='grc' dir='ltr'>τοῦ</span> <span class='ocrx_word' id='word_1_168' title='bbox 614 2326 710 2389; x_wconf 84' lang='grc' dir='ltr'><strong><em>αὐτοῦ</em></strong></span> <span class='ocrx_word' id='word_1_169' title='bbox 733 2327 850 2407; x_wconf 72' lang='grc' dir='ltr'><strong><em>θέρους</em></strong></span> <span class='ocrx_word' id='word_1_170' title='bbox 875 2326 985 2389; x_wconf 83' lang='grc' dir='ltr'><strong><em>τούτου</em></strong></span> <span class='ocrx_word' id='word_1_171' title='bbox 1014 2325 1147 2406; x_wconf 87' lang='lat' dir='ltr'>praebet</span> <span class='ocrx_word' id='word_1_172' title='bbox 1176 2325 1221 2410; x_wconf 90' lang='lat' dir='ltr'>(in</span> <span class='ocrx_word' id='word_1_173' title='bbox 1249 2349 1295 2408; x_wconf 75' lang='grc' dir='ltr'>γρ.</span> <span class='ocrx_word' id='word_1_174' title='bbox 1325 2335 1374 2392; x_wconf 88' lang='lat' dir='ltr'>est</span> 
     </span>
     <span class='ocr_line' id='line_1_20' title="bbox 152 2429 1373 2516; baseline 0.003 -22"><span class='ocrx_word' id='word_1_175' title='bbox 152 2431 187 2494; x_wconf 81' lang='grc' dir='ltr'>έν</span> <span class='ocrx_word' id='word_1_176' title='bbox 218 2438 265 2512; x_wconf 76' lang='grc' dir='ltr'>τῷ</span> <span class='ocrx_word' id='word_1_177' title='bbox 297 2430 388 2512; x_wconf 82' lang='grc' dir='ltr'><strong><em>κιλ.);</em></strong></span> <span class='ocrx_word' id='word_1_178' title='bbox 423 2431 481 2494; x_wconf 88' lang='lat' dir='ltr'>sed</span> <span class='ocrx_word' id='word_1_179' title='bbox 513 2429 554 2494; x_wconf 89' lang='lat' dir='ltr'>cf.</span> <span class='ocrx_word' id='word_1_180' title='bbox 584 2429 606 2516; x_wconf 68' lang='grc' dir='ltr'>ξ</span> <span class='ocrx_word' id='word_1_181' title='bbox 635 2431 655 2494; x_wconf 90' lang='grc'><strong>3</strong></span> <span class='ocrx_word' id='word_1_182' title='bbox 684 2437 716 2498; x_wconf 90' lang='lat' dir='ltr'>et</span> <span class='ocrx_word' id='word_1_183' title='bbox 739 2433 777 2507; x_wconf 90' lang='lat' dir='ltr'>V,</span> <span class='ocrx_word' id='word_1_184' title='bbox 804 2431 857 2507; x_wconf 88' lang='grc'><strong>39,</strong></span> <span class='ocrx_word' id='word_1_185' title='bbox 886 2433 914 2494; x_wconf 93' lang='grc'>1.</span> <span class='ocrx_word' id='word_1_186' title='bbox 942 2467 983 2476; x_wconf 92' lang='lat'>--</span> <span class='ocrx_word' id='word_1_187' title='bbox 1007 2432 1043 2495; x_wconf 92' lang='lat' dir='ltr'>In</span> <span class='ocrx_word' id='word_1_188' title='bbox 1070 2429 1134 2516; x_wconf 73' lang='lat'>§2</span> <span class='ocrx_word' id='word_1_189' title='bbox 1164 2432 1373 2498; x_wconf 80' lang='lat' dir='ltr'>collocationi</span> 
     </span>
     <span class='ocr_line' id='line_1_21' title="bbox 151 2537 1370 2621; baseline 0.003 -21"><span class='ocrx_word' id='word_1_190' title='bbox 151 2544 207 2620; x_wconf 80' lang='grc' dir='ltr'>τῆς</span> <span class='ocrx_word' id='word_1_191' title='bbox 229 2538 350 2619; x_wconf 84' lang='grc' dir='ltr'><strong><em>ἡμέρας</em></strong></span> <span class='ocrx_word' id='word_1_192' title='bbox 373 2538 502 2606; x_wconf 78' lang='grc' dir='ltr'><strong><em>ἕκαστος</em></strong></span> <span class='ocrx_word' id='word_1_193' title='bbox 524 2537 563 2600; x_wconf 81' lang='grc' dir='ltr'>ἐλ.</span> <span class='ocrx_word' id='word_1_194' title='bbox 588 2538 758 2617; x_wconf 82' lang='lat' dir='ltr'>stngularis</span> <span class='ocrx_word' id='word_1_195' title='bbox 782 2539 963 2621; x_wconf 81' lang='grc' dir='ltr'><strong><em>ἐλάμβανεν,</em></strong></span> <span class='ocrx_word' id='word_1_196' title='bbox 987 2557 1084 2619; x_wconf 91' lang='lat' dir='ltr'>quem</span> <span class='ocrx_word' id='word_1_197' title='bbox 1103 2539 1260 2619; x_wconf 81' lang='lat' dir='ltr'>praebent</span> <span class='ocrx_word' id='word_1_198' title='bbox 1276 2541 1370 2604; x_wconf 86' lang='lat' dir='ltr'>Laur.</span> 
     </span>
     <span class='ocr_line' id='line_1_22' title="bbox 151 2643 1371 2728; baseline 0.004 -22"><span class='ocrx_word' id='word_1_199' title='bbox 151 2651 185 2706; x_wconf 90' lang='lat' dir='ltr'>et</span> <span class='ocrx_word' id='word_1_200' title='bbox 209 2643 314 2706; x_wconf 83' lang='lat' dir='ltr'>Vatic.</span> <span class='ocrx_word' id='word_1_201' title='bbox 341 2667 397 2724; x_wconf 76' lang='grc' dir='ltr'>γρ,</span> <span class='ocrx_word' id='word_1_202' title='bbox 426 2643 551 2720; x_wconf 71' lang='lat' dir='ltr'>melius</span> <span class='ocrx_word' id='word_1_203' title='bbox 578 2645 703 2724; x_wconf 88' lang='lat' dir='ltr'>opinor,</span> <span class='ocrx_word' id='word_1_204' title='bbox 731 2646 884 2710; x_wconf 88' lang='lat' dir='ltr'>convenit</span> <span class='ocrx_word' id='word_1_205' title='bbox 907 2664 1006 2726; x_wconf 89' lang='lat' dir='ltr'>qnam</span> <span class='ocrx_word' id='word_1_206' title='bbox 1030 2645 1163 2724; x_wconf 85' lang='lat' dir='ltr'>pluralis</span> <span class='ocrx_word' id='word_1_207' title='bbox 1186 2646 1371 2728; x_wconf 81' lang='grc' dir='ltr'><strong><em>ἐλάμβανον,</em></strong></span> 
     </span>
     <span class='ocr_line' id='line_1_23' title="bbox 152 2749 1370 2836; baseline 0.003 -25"><span class='ocrx_word' id='word_1_208' title='bbox 152 2749 210 2829; x_wconf 92' lang='lat' dir='ltr'>qui</span> <span class='ocrx_word' id='word_1_209' title='bbox 237 2750 270 2811; x_wconf 92' lang='lat' dir='ltr'>in</span> <span class='ocrx_word' id='word_1_210' title='bbox 298 2749 401 2812; x_wconf 82' lang='lat' dir='ltr'>Vatis.</span> <span class='ocrx_word' id='word_1_211' title='bbox 432 2750 648 2815; x_wconf 86' lang='lat' dir='ltr'>collocatione</span> <span class='ocrx_word' id='word_1_212' title='bbox 677 2757 801 2814; x_wconf 88' lang='lat' dir='ltr'>mutata</span> <span class='ocrx_word' id='word_1_213' title='bbox 830 2751 890 2834; x_wconf 80' lang='grc' dir='ltr'><strong><em>(ὁρ.</em></strong></span> <span class='ocrx_word' id='word_1_214' title='bbox 919 2751 979 2833; x_wconf 84' lang='grc' dir='ltr'>γάρ</span> <span class='ocrx_word' id='word_1_215' title='bbox 1006 2753 1143 2822; x_wconf 78' lang='grc' dir='ltr'><strong><em>ἕκαστος</em></strong></span> <span class='ocrx_word' id='word_1_216' title='bbox 1169 2753 1290 2834; x_wconf 85' lang='grc' dir='ltr'><strong><em>ἡμέρας</em></strong></span> <span class='ocrx_word' id='word_1_217' title='bbox 1316 2753 1370 2836; x_wconf 79' lang='lat' dir='ltr'>u.)</span> 
     </span>
     <span class='ocr_line' id='line_1_24' title="bbox 152 2853 1370 2941; baseline 0.003 -23"><span class='ocrx_word' id='word_1_218' title='bbox 152 2853 335 2918; x_wconf 87' lang='lat' dir='ltr'>scribitur.¹</span> <span class='ocrx_word' id='word_1_219' title='bbox 361 2893 401 2900; x_wconf 90' lang='lat'><em>-</em></span> <span class='ocrx_word' id='word_1_220' title='bbox 426 2856 461 2918; x_wconf 92' lang='lat' dir='ltr'>In</span> <span class='ocrx_word' id='word_1_221' title='bbox 483 2855 505 2941; x_wconf 66' lang='grc' dir='ltr'>ξ</span> <span class='ocrx_word' id='word_1_222' title='bbox 528 2855 548 2920; x_wconf 84' lang='grc'>5</span> <span class='ocrx_word' id='word_1_223' title='bbox 576 2857 672 2921; x_wconf 90' lang='lat' dir='ltr'>valde</span> <span class='ocrx_word' id='word_1_224' title='bbox 700 2857 811 2920; x_wconf 88' lang='lat' dir='ltr'>dubito</span> <span class='ocrx_word' id='word_1_225' title='bbox 839 2864 971 2922; x_wconf 87' lang='lat' dir='ltr'>rectene</span> <span class='ocrx_word' id='word_1_226' title='bbox 1000 2877 1040 2922; x_wconf 89' lang='lat' dir='ltr'>ex</span> <span class='ocrx_word' id='word_1_227' title='bbox 1068 2859 1261 2922; x_wconf 83' lang='lat' dir='ltr'>auctoritate</span> <span class='ocrx_word' id='word_1_228' title='bbox 1285 2859 1370 2922; x_wconf 84' lang='lat' dir='ltr'>Vati-</span> 
     </span>
     <span class='ocr_line' id='line_1_25' title="bbox 152 2962 1370 3046; baseline 0.003 -21"><span class='ocrx_word' id='word_1_229' title='bbox 152 2963 227 3025; x_wconf 82' lang='lat' dir='ltr'>cani</span> <span class='ocrx_word' id='word_1_230' title='bbox 261 2968 336 3026; x_wconf 86' lang='lat' dir='ltr'>ante</span> <span class='ocrx_word' id='word_1_231' title='bbox 369 2962 469 3027; x_wconf 87' lang='lat' dir='ltr'>verba</span> <span class='ocrx_word' id='word_1_232' title='bbox 499 2963 579 3028; x_wconf 87' lang='grc' dir='ltr'><strong><em>πολὺ</em></strong></span> <span class='ocrx_word' id='word_1_233' title='bbox 601 2965 699 3046; x_wconf 87' lang='grc' dir='ltr'><strong><em>μέρος</em></strong></span> <span class='ocrx_word' id='word_1_234' title='bbox 725 2966 815 3027; x_wconf 89' lang='lat' dir='ltr'>artic.</span> <span class='ocrx_word' id='word_1_235' title='bbox 841 2965 881 3028; x_wconf 86' lang='grc' dir='ltr'>ιὸ</span> <span class='ocrx_word' id='word_1_236' title='bbox 905 2963 1049 3028; x_wconf 81' lang='lat' dir='ltr'>StahIIus</span> <span class='ocrx_word' id='word_1_237' title='bbox 1072 2965 1246 3044; x_wconf 86' lang='lat' dir='ltr'>reliquerit,</span> <span class='ocrx_word' id='word_1_238' title='bbox 1282 2966 1370 3044; x_wconf 91' lang='lat' dir='ltr'>quod</span> 
     </span>
     <span class='ocr_line' id='line_1_26' title="bbox 155 3068 1371 3152; baseline 0.003 -21"><span class='ocrx_word' id='word_1_239' title='bbox 155 3069 305 3148; x_wconf 82' lang='lat' dir='ltr'>«plurimi</span> <span class='ocrx_word' id='word_1_240' title='bbox 338 3071 423 3133; x_wconf 89' lang='lat' dir='ltr'>servi</span> <span class='ocrx_word' id='word_1_241' title='bbox 455 3069 540 3150; x_wconf 90' lang='lat' dir='ltr'>iique</span> <span class='ocrx_word' id='word_1_242' title='bbox 573 3068 654 3134; x_wconf 86' lang='lat' dir='ltr'>labri</span> <span class='ocrx_word' id='word_1_243' title='bbox 686 3072 719 3134; x_wconf 75' lang='lat' dir='ltr'>In</span> <span class='ocrx_word' id='word_1_244' title='bbox 752 3069 890 3134; x_wconf 84' lang='lat' dir='ltr'>officinis</span> <span class='ocrx_word' id='word_1_245' title='bbox 921 3089 1004 3150; x_wconf 91' lang='lat' dir='ltr'>opus</span> <span class='ocrx_word' id='word_1_246' title='bbox 1028 3068 1204 3136; x_wconf 81' lang='lat' dir='ltr'>facerent».</span> <span class='ocrx_word' id='word_1_247' title='bbox 1254 3071 1371 3152; x_wconf 78' lang='lat' dir='ltr'>Viginti</span> 
     </span>
     <span class='ocr_line' id='line_1_27' title="bbox 151 3175 1369 3262; baseline 0.002 -24"><span class='ocrx_word' id='word_1_248' title='bbox 151 3175 240 3238; x_wconf 89' lang='lat' dir='ltr'>enim</span> <span class='ocrx_word' id='word_1_249' title='bbox 269 3175 358 3238; x_wconf 85' lang='lat' dir='ltr'>milia</span> <span class='ocrx_word' id='word_1_250' title='bbox 388 3175 495 3256; x_wconf 86' lang='grc' dir='ltr'><strong><em>(πλέον</em></strong></span> <span class='ocrx_word' id='word_1_251' title='bbox 514 3179 540 3262; x_wconf 77' lang='grc' dir='ltr'>Ιἢ</span> <span class='ocrx_word' id='word_1_252' title='bbox 570 3177 628 3240; x_wconf 78' lang='grc' dir='ltr'>δύο</span> <span class='ocrx_word' id='word_1_253' title='bbox 655 3178 817 3259; x_wconf 80' lang='grc' dir='ltr'><strong><em>μυριάδες)</em></strong></span> <span class='ocrx_word' id='word_1_254' title='bbox 843 3178 921 3241; x_wconf 89' lang='lat' dir='ltr'>satis</span> <span class='ocrx_word' id='word_1_255' title='bbox 945 3177 1061 3257; x_wconf 83' lang='lat' dir='ltr'>exigua</span> <span class='ocrx_word' id='word_1_256' title='bbox 1084 3195 1159 3257; x_wconf 84' lang='lat' dir='ltr'>pars</span> <span class='ocrx_word' id='word_1_257' title='bbox 1182 3178 1286 3246; x_wconf 85' lang='lat' dir='ltr'>totius</span> <span class='ocrx_word' id='word_1_258' title='bbox 1304 3196 1369 3242; x_wconf 93' lang='lat' dir='ltr'>ser·</span> 
     </span>
     <span class='ocr_line' id='line_1_28' title="bbox 151 3279 1368 3369; baseline 0.003 -25"><span class='ocrx_word' id='word_1_259' title='bbox 151 3299 269 3345; x_wconf 87' lang='lat' dir='ltr'>vorum</span> <span class='ocrx_word' id='word_1_260' title='bbox 298 3282 425 3345; x_wconf 90' lang='lat' dir='ltr'>numeri</span> <span class='ocrx_word' id='word_1_261' title='bbox 454 3279 506 3365; x_wconf 87' lang='lat' dir='ltr'>(cl.</span> <span class='ocrx_word' id='word_1_262' title='bbox 533 3282 688 3347; x_wconf 87' lang='lat' dir='ltr'>Boeckhii</span> <span class='ocrx_word' id='word_1_263' title='bbox 717 3281 839 3348; x_wconf 90' lang='lat' dir='ltr'>Oecon.</span> <span class='ocrx_word' id='word_1_264' title='bbox 871 3284 933 3346; x_wconf 87' lang='lat' dir='ltr'>civ.</span> <span class='ocrx_word' id='word_1_265' title='bbox 959 3283 1076 3349; x_wconf 88' lang='lat' dir='ltr'>Athen.</span> <span class='ocrx_word' id='word_1_266' title='bbox 1103 3284 1115 3346; x_wconf 99' lang='lat' dir='ltr'><strong>I</strong></span> <span class='ocrx_word' id='word_1_267' title='bbox 1139 3303 1169 3363; x_wconf 92' lang='lat' dir='ltr'>p.</span> <span class='ocrx_word' id='word_1_268' title='bbox 1196 3283 1238 3346; x_wconf 87' lang='grc'>32</span> <span class='ocrx_word' id='word_1_269' title='bbox 1262 3283 1368 3369; x_wconf 87' lang='lat' dir='ltr'>seqq.)</span> 
     </span>
     <span class='ocr_line' id='line_1_29' title="bbox 151 3387 1369 3470; baseline 0.002 -17"><span class='ocrx_word' id='word_1_270' title='bbox 151 3395 231 3463; x_wconf 88' lang='lat' dir='ltr'>erat,</span> <span class='ocrx_word' id='word_1_271' title='bbox 264 3406 329 3467; x_wconf 91' lang='lat' dir='ltr'>qna</span> <span class='ocrx_word' id='word_1_272' title='bbox 356 3407 391 3452; x_wconf 91' lang='lat' dir='ltr'>re</span> <span class='ocrx_word' id='word_1_273' title='bbox 419 3388 515 3468; x_wconf 86' lang='lat' dir='ltr'>plane</span> <span class='ocrx_word' id='word_1_274' title='bbox 543 3389 703 3453; x_wconf 88' lang='lat' dir='ltr'>incertum</span> <span class='ocrx_word' id='word_1_275' title='bbox 730 3389 775 3465; x_wconf 91' lang='lat' dir='ltr'>fit,</span> <span class='ocrx_word' id='word_1_276' title='bbox 807 3409 885 3453; x_wconf 90' lang='lat' dir='ltr'>num</span> <span class='ocrx_word' id='word_1_277' title='bbox 914 3387 1195 3470; x_wconf 74' lang='lat' dir='ltr'>transfugiendum</span> <span class='ocrx_word' id='word_1_278' title='bbox 1218 3390 1369 3470; x_wconf 88' lang='lat' dir='ltr'>plurese</span> 
     </span>
     <span class='ocr_line' id='line_1_30' title="bbox 152 3495 1366 3576; baseline 0.002 -18"><span class='ocrx_word' id='word_1_279' title='bbox 152 3512 290 3558; x_wconf 90' lang='lat' dir='ltr'>numero</span> <span class='ocrx_word' id='word_1_280' title='bbox 314 3495 432 3558; x_wconf 89' lang='lat' dir='ltr'>horum</span> <span class='ocrx_word' id='word_1_281' title='bbox 453 3496 599 3575; x_wconf 90' lang='lat' dir='ltr'>ipsorum</span> <span class='ocrx_word' id='word_1_282' title='bbox 623 3495 749 3560; x_wconf 88' lang='lat' dir='ltr'>luerint.</span> <span class='ocrx_word' id='word_1_283' title='bbox 776 3533 820 3542; x_wconf 98' lang='lat'>—</span> <span class='ocrx_word' id='word_1_284' title='bbox 842 3496 967 3570; x_wconf 90' lang='lat' dir='ltr'>Melius,</span> <span class='ocrx_word' id='word_1_285' title='bbox 1001 3497 1126 3576; x_wconf 91' lang='lat' dir='ltr'>opinor,</span> <span class='ocrx_word' id='word_1_286' title='bbox 1156 3497 1190 3558; x_wconf 90' lang='lat' dir='ltr'>in</span> <span class='ocrx_word' id='word_1_287' title='bbox 1213 3497 1264 3561; x_wconf 90' lang='lat' dir='ltr'>ed.</span> <span class='ocrx_word' id='word_1_288' title='bbox 1290 3504 1366 3561; x_wconf 88' lang='lat' dir='ltr'>ster.</span> 
     </span>
     <span class='ocr_line' id='line_1_31' title="bbox 152 3599 1369 3683; baseline 0.004 -20"><span class='ocrx_word' id='word_1_289' title='bbox 152 3599 296 3664; x_wconf 86' lang='lat' dir='ltr'>Stahlius</span> <span class='ocrx_word' id='word_1_290' title='bbox 329 3601 491 3665; x_wconf 85' lang='grc' dir='ltr'><strong><em>ἀπολώλει</em></strong></span> <span class='ocrx_word' id='word_1_291' title='bbox 523 3621 621 3683; x_wconf 85' lang='lat' dir='ltr'>quam</span> <span class='ocrx_word' id='word_1_292' title='bbox 649 3603 681 3666; x_wconf 94' lang='lat' dir='ltr'>in</span> <span class='ocrx_word' id='word_1_293' title='bbox 710 3603 761 3666; x_wconf 89' lang='lat' dir='ltr'>ed.</span> <span class='ocrx_word' id='word_1_294' title='bbox 791 3603 847 3666; x_wconf 87' lang='lat' dir='ltr'>alt.</span> <span class='ocrx_word' id='word_1_295' title='bbox 878 3602 1052 3666; x_wconf 82' lang='grc' dir='ltr'><strong><em>ἀπωλώλει</em></strong></span> <span class='ocrx_word' id='word_1_296' title='bbox 1085 3603 1227 3682; x_wconf 89' lang='lat' dir='ltr'>scripsit;</span> <span class='ocrx_word' id='word_1_297' title='bbox 1261 3621 1369 3683; x_wconf 86' lang='lat' dir='ltr'>neque</span> 
     </span>
     <span class='ocr_line' id='line_1_32' title="bbox 153 3707 1369 3790; baseline 0.002 -18"><span class='ocrx_word' id='word_1_298' title='bbox 153 3709 239 3772; x_wconf 89' lang='lat' dir='ltr'>enim</span> <span class='ocrx_word' id='word_1_299' title='bbox 271 3708 316 3771; x_wconf 85' lang='lat' dir='ltr'>ita</span> <span class='ocrx_word' id='word_1_300' title='bbox 348 3727 383 3773; x_wconf 89' lang='lat' dir='ltr'>se</span> <span class='ocrx_word' id='word_1_301' title='bbox 416 3727 468 3772; x_wconf 91' lang='lat' dir='ltr'>res</span> <span class='ocrx_word' id='word_1_302' title='bbox 500 3709 607 3784; x_wconf 86' lang='lat' dir='ltr'>habet,</span> <span class='ocrx_word' id='word_1_303' title='bbox 642 3715 678 3772; x_wconf 91' lang='lat' dir='ltr'>ut</span> <span class='ocrx_word' id='word_1_304' title='bbox 709 3714 919 3790; x_wconf 83' lang='lat' dir='ltr'>augmentum</span> <span class='ocrx_word' id='word_1_305' title='bbox 946 3707 1256 3790; x_wconf 85' lang='lat' dir='ltr'>plusquamperfecti</span> <span class='ocrx_word' id='word_1_306' title='bbox 1278 3710 1369 3774; x_wconf 88' lang='lat' dir='ltr'>verbi</span> 
     </span>
     <span class='ocr_line' id='line_1_33' title="bbox 152 3813 1364 3901; baseline 0.002 -25"><span class='ocrx_word' id='word_1_307' title='bbox 152 3815 276 3878; x_wconf 83' lang='grc' dir='ltr'><strong><em>ὀλλύναι</em></strong></span> <span class='ocrx_word' id='word_1_308' title='bbox 308 3814 428 3895; x_wconf 86' lang='lat' dir='ltr'>ubique</span> <span class='ocrx_word' id='word_1_309' title='bbox 461 3816 539 3879; x_wconf 91' lang='lat' dir='ltr'>boni</span> <span class='ocrx_word' id='word_1_310' title='bbox 570 3815 642 3879; x_wconf 85' lang='lat' dir='ltr'>libri</span> <span class='ocrx_word' id='word_1_311' title='bbox 673 3818 875 3880; x_wconf 86' lang='lat' dir='ltr'>servaverint</span> <span class='ocrx_word' id='word_1_312' title='bbox 908 3813 950 3901; x_wconf 82' lang='lat' dir='ltr'>(v.</span> <span class='ocrx_word' id='word_1_313' title='bbox 982 3814 1096 3880; x_wconf 87' lang='lat' dir='ltr'>Stahlii</span> <span class='ocrx_word' id='word_1_314' title='bbox 1128 3821 1266 3895; x_wconf 84' lang='lat' dir='ltr'>quaestt.</span> <span class='ocrx_word' id='word_1_315' title='bbox 1299 3835 1364 3901; x_wconf 70' lang='lat' dir='ltr'>gr,</span> 
     </span>
     <span class='ocr_line' id='line_1_34' title="bbox 152 3919 1369 4005; baseline 0.002 -21"><span class='ocrx_word' id='word_1_316' title='bbox 152 3939 183 4000; x_wconf 90' lang='lat' dir='ltr'>p.</span> <span class='ocrx_word' id='word_1_317' title='bbox 209 3919 275 4005; x_wconf 86' lang='grc'><strong>59).</strong></span> <span class='ocrx_word' id='word_1_318' title='bbox 326 3921 403 3984; x_wconf 85' lang='lat' dir='ltr'>Loci</span> <span class='ocrx_word' id='word_1_319' title='bbox 426 3926 502 3984; x_wconf 91' lang='lat' dir='ltr'>sunt</span> <span class='ocrx_word' id='word_1_320' title='bbox 525 3921 577 3996; x_wconf 89' lang='lat' dir='ltr'>IV,</span> <span class='ocrx_word' id='word_1_321' title='bbox 606 3921 678 3997; x_wconf 88' lang='lat'>133,</span> <span class='ocrx_word' id='word_1_322' title='bbox 708 3923 741 3994; x_wconf 91' lang='lat'>1;</span> <span class='ocrx_word' id='word_1_323' title='bbox 768 3922 834 3998; x_wconf 92' lang='lat' dir='ltr'>VII,</span> <span class='ocrx_word' id='word_1_324' title='bbox 861 3922 913 3998; x_wconf 88' lang='grc'><strong>27,</strong></span> <span class='ocrx_word' id='word_1_325' title='bbox 940 3921 975 3994; x_wconf 81' lang='grc'>5;</span> <span class='ocrx_word' id='word_1_326' title='bbox 1003 3923 1083 3998; x_wconf 89' lang='lat' dir='ltr'><strong>VIII,</strong></span> <span class='ocrx_word' id='word_1_327' title='bbox 1110 3923 1162 3998; x_wconf 81' lang='grc'><strong>96,</strong></span> <span class='ocrx_word' id='word_1_328' title='bbox 1189 3921 1219 3997; x_wconf 89' lang='grc'>2,</span> <span class='ocrx_word' id='word_1_329' title='bbox 1251 3922 1369 4004; x_wconf 89' lang='lat' dir='ltr'>quibus</span> 
     </span>
     <span class='ocr_line' id='line_1_35' title="bbox 153 4025 1368 4114; baseline 0.001 -24"><span class='ocrx_word' id='word_1_330' title='bbox 153 4027 305 4090; x_wconf 87' lang='lat' dir='ltr'>omnibus</span> <span class='ocrx_word' id='word_1_331' title='bbox 332 4027 366 4090; x_wconf 91' lang='lat' dir='ltr'>in</span> <span class='ocrx_word' id='word_1_332' title='bbox 391 4028 484 4090; x_wconf 85' lang='lat' dir='ltr'>Laur.</span> <span class='ocrx_word' id='word_1_333' title='bbox 517 4025 562 4112; x_wconf 86' lang='lat' dir='ltr'>(in</span> <span class='ocrx_word' id='word_1_334' title='bbox 585 4028 683 4090; x_wconf 84' lang='grc' dir='ltr'><strong><em>ἀπωλ.</em></strong></span> <span class='ocrx_word' id='word_1_335' title='bbox 708 4046 791 4092; x_wconf 92' lang='lat' dir='ltr'>corr.</span> <span class='ocrx_word' id='word_1_336' title='bbox 818 4047 904 4092; x_wconf 87' lang='lat' dir='ltr'>man.</span> <span class='ocrx_word' id='word_1_337' title='bbox 932 4027 1014 4114; x_wconf 91' lang='lat' dir='ltr'>sec.)</span> <span class='ocrx_word' id='word_1_338' title='bbox 1043 4035 1076 4093; x_wconf 90' lang='lat' dir='ltr'>et</span> <span class='ocrx_word' id='word_1_339' title='bbox 1099 4029 1167 4092; x_wconf 85' lang='lat' dir='ltr'>Pal.</span> <span class='ocrx_word' id='word_1_340' title='bbox 1194 4029 1299 4101; x_wconf 90' lang='lat' dir='ltr'>deest;</span> <span class='ocrx_word' id='word_1_341' title='bbox 1335 4028 1368 4091; x_wconf 91' lang='lat' dir='ltr'>in</span> 
     </span>
     <span class='ocr_line' id='line_1_36' title="bbox 154 4132 1364 4215; baseline 0.001 -19"><span class='ocrx_word' id='word_1_342' title='bbox 154 4132 257 4197; x_wconf 85' lang='lat' dir='ltr'>Vatic.</span> <span class='ocrx_word' id='word_1_343' title='bbox 276 4133 415 4208; x_wconf 89' lang='lat' dir='ltr'>duobus,</span> <span class='ocrx_word' id='word_1_344' title='bbox 441 4135 473 4198; x_wconf 91' lang='lat' dir='ltr'>in</span> <span class='ocrx_word' id='word_1_345' title='bbox 493 4134 573 4197; x_wconf 87' lang='lat' dir='ltr'>ltalo</span> <span class='ocrx_word' id='word_1_346' title='bbox 592 4133 674 4207; x_wconf 79' lang='lat' dir='ltr'>soIO,</span> <span class='ocrx_word' id='word_1_347' title='bbox 701 4135 793 4197; x_wconf 89' lang='lat' dir='ltr'>cuius</span> <span class='ocrx_word' id='word_1_348' title='bbox 813 4135 899 4198; x_wconf 86' lang='lat' dir='ltr'>haud</span> <span class='ocrx_word' id='word_1_349' title='bbox 919 4135 965 4200; x_wconf 87' lang='lat' dir='ltr'>ita</span> <span class='ocrx_word' id='word_1_350' title='bbox 982 4136 1088 4215; x_wconf 80' lang='lat' dir='ltr'>gravis</span> <span class='ocrx_word' id='word_1_351' title='bbox 1107 4141 1157 4198; x_wconf 89' lang='lat' dir='ltr'>est</span> <span class='ocrx_word' id='word_1_352' title='bbox 1177 4135 1364 4212; x_wconf 69' lang='lat' dir='ltr'>auctoritas</span> 
     </span>
     <span class='ocr_line' id='line_1_37' title="bbox 154 4239 1366 4320; baseline 0 -18"><span class='ocrx_word' id='word_1_353' title='bbox 154 4239 304 4303; x_wconf 89' lang='lat' dir='ltr'>omnibus</span> <span class='ocrx_word' id='word_1_354' title='bbox 333 4239 414 4303; x_wconf 90' lang='lat' dir='ltr'>Iocis</span> <span class='ocrx_word' id='word_1_355' title='bbox 442 4241 579 4304; x_wconf 90' lang='lat' dir='ltr'>additur.</span> <span class='ocrx_word' id='word_1_356' title='bbox 627 4239 759 4302; x_wconf 88' lang='lat' dir='ltr'>Nullum</span> <span class='ocrx_word' id='word_1_357' title='bbox 787 4241 894 4304; x_wconf 88' lang='lat' dir='ltr'>adhuc</span> <span class='ocrx_word' id='word_1_358' title='bbox 923 4241 1066 4320; x_wconf 89' lang='lat' dir='ltr'>lapidum</span> <span class='ocrx_word' id='word_1_359' title='bbox 1089 4241 1310 4304; x_wconf 79' lang='lat' dir='ltr'>tesdmonium</span> <span class='ocrx_word' id='word_1_360' title='bbox 1333 4241 1366 4303; x_wconf 90' lang='lat' dir='ltr'>in</span> 
     </span>
    </p>
   </div>
   <div class='ocr_carea' id='block_1_5' title="bbox 153 4503 1365 4662">
    <p class='ocr_par' dir='ltr' id='par_1_7' title="bbox 153 4503 1365 4662">
     <span class='ocr_line' id='line_1_38' title="bbox 242 4503 1365 4575; baseline 0 -19"><span class='ocrx_word' id='word_1_361' title='bbox 242 4503 298 4556; x_wconf 92' lang='lat' dir='ltr'>¹In</span> <span class='ocrx_word' id='word_1_362' title='bbox 318 4504 335 4572; x_wconf 66' lang='grc' dir='ltr'><strong>ξ</strong></span> <span class='ocrx_word' id='word_1_363' title='bbox 354 4505 371 4557; x_wconf 89' lang='grc'>3</span> <span class='ocrx_word' id='word_1_364' title='bbox 389 4504 417 4557; x_wconf 93' lang='lat' dir='ltr'>in</span> <span class='ocrx_word' id='word_1_365' title='bbox 435 4504 518 4558; x_wconf 85' lang='lat' dir='ltr'>Vatie.</span> <span class='ocrx_word' id='word_1_366' title='bbox 547 4519 655 4575; x_wconf 90' lang='lat' dir='ltr'>qnoque</span> <span class='ocrx_word' id='word_1_367' title='bbox 678 4509 720 4557; x_wconf 92' lang='lat' dir='ltr'>est</span> <span class='ocrx_word' id='word_1_368' title='bbox 742 4503 881 4567; x_wconf 81' lang='grc' dir='ltr'><strong><em>ἐπιούσαις,</em></strong></span> <span class='ocrx_word' id='word_1_369' title='bbox 909 4521 965 4559; x_wconf 91' lang='lat' dir='ltr'>non</span> <span class='ocrx_word' id='word_1_370' title='bbox 987 4505 1125 4565; x_wconf 79' lang='grc' dir='ltr'><strong><em>ἐπιουσῶν,</em></strong></span> <span class='ocrx_word' id='word_1_371' title='bbox 1154 4503 1182 4556; x_wconf 89' lang='lat' dir='ltr'>id</span> <span class='ocrx_word' id='word_1_372' title='bbox 1204 4503 1277 4570; x_wconf 94' lang='lat' dir='ltr'>quod</span> <span class='ocrx_word' id='word_1_373' title='bbox 1296 4519 1365 4557; x_wconf 89' lang='lat' dir='ltr'>com·</span> 
     </span>
     <span class='ocr_line' id='line_1_39' title="bbox 153 4592 831 4662; baseline -0.004 -15"><span class='ocrx_word' id='word_1_374' title='bbox 153 4592 250 4660; x_wconf 87' lang='lat' dir='ltr'>pendio</span> <span class='ocrx_word' id='word_1_375' title='bbox 269 4609 365 4662; x_wconf 88' lang='lat' dir='ltr'>parum</span> <span class='ocrx_word' id='word_1_376' title='bbox 385 4593 519 4647; x_wconf 87' lang='lat' dir='ltr'>intellecto</span> <span class='ocrx_word' id='word_1_377' title='bbox 538 4593 666 4648; x_wconf 81' lang='lat' dir='ltr'>tndIcavit</span> <span class='ocrx_word' id='word_1_378' title='bbox 686 4593 831 4647; x_wconf 87' lang='lat' dir='ltr'>Bekkerus.</span> 
     </span>
    </p>
   </div>
   <div class='ocr_carea' id='block_1_6' title="bbox 1122 4697 1153 4748">
    <p class='ocr_par' dir='ltr' id='par_1_8' title="bbox 1122 4697 1153 4748">
     <span class='ocr_line' id='line_1_40' title="bbox 1122 4697 1153 4748; baseline 0 -22"><span class='ocrx_word' id='word_1_379' title='bbox 1122 4697 1153 4748; x_wconf 63' lang='lat'>2⁸</span> 
     </span>
    </p>
   </div>
   <div class='ocr_carea' id='block_1_7' title="bbox 0 0 1626 5060">
    <p class='ocr_par' dir='ltr' id='par_1_9' title="bbox 0 0 1626 5060">
     <span class='ocr_line' id='line_1_41' title="bbox 0 0 1626 5060; baseline 0 3"><span class='ocrx_word' id='word_1_380' title='bbox 0 0 1626 5060; x_wconf 95' lang='lat' dir='ltr'> </span> 
     </span>
    </p>
   </div>
  </div>
 </body>
</html>
