3262 5052
744 271 806 336 133

168 451 318 530 scriptum
346 447 448 513 fuisse
477 449 683 525 crediderim,
714 468 779 529 quo
808 449 910 514 verbo
938 452 1087 514 restituto
1112 452 1224 514 omnia
1247 451 1331 517 bene
1355 471 1391 518 se

166 557 345 622 habebunt:
374 593 413 600 -
439 574 510 618 non
535 553 717 638 contlnpet,
748 563 784 620 ut
812 556 954 636 aliquem
983 558 1182 622 ulciscamur
1210 564 1291 632 cet.;
1326 560 1391 624 hoc

165 663 296 728 verbum
321 662 440 726 eodem
464 679 563 726 sensu
588 662 625 738 ll,
652 662 706 738 89,
732 662 753 726 3
777 669 876 738 extat,
903 669 935 726 et
957 665 1168 746 περιγίγνεται,
1192 664 1280 744 quod
1303 665 1391 730 idem

166 770 256 847 valet,
293 787 371 832 cum
404 769 493 832 nudo
526 768 686 832 infinitivo
715 769 751 845 ll,
784 769 837 846 39,
868 769 905 846 43
941 770 994 844 87,
1021 770 1041 834 6
1066 771 1207 850 positum
1232 775 1291 834 est.
1340 769 1388 835 Cl.

165 877 256 940 etiam
282 875 451 940 Demosth.
478 875 516 952 ΙΙ,
542 874 594 938 29.
620 913 663 920 -
689 876 797 940 Verba
824 877 858 938 in
886 875 950 941 fine
980 877 1095 957 capitis
1125 877 1248 956 posita:
1279 877 1325 948 οἷς
1352 878 1392 940 οὔ

164 983 219 1064 χρὴ
244 982 285 1046 de
311 981 477 1046 Siceliotis
503 979 556 1067 (cf.
584 981 714 1066 schol),
741 1000 809 1046 non
832 983 872 1046 de
902 983 1171 1048 Lacedaemoniis
1199 984 1392 1064 accipienda

165 1106 246 1162 esse,
273 1088 339 1151 nisi
362 1086 569 1152 Classenium
593 1106 702 1152 errare
725 1089 880 1164 viderem,
908 1107 975 1152 non
999 1107 1183 1163 monerem;
1208 1095 1279 1154 tota
1302 1091 1391 1154 enim

164 1195 386 1260 Hermocratis
410 1195 515 1258 oratio
540 1211 579 1258 eo
604 1201 740 1276 spectat,
766 1200 803 1258 ut
826 1193 998 1260 Siceliotas
1022 1196 1196 1272 alterutriS,
1219 1201 1275 1260 aut
1293 1195 1390 1260 Athe·

165 1301 332 1366 niensihus
365 1307 422 1364 aut
456 1301 735 1377 Lacedaemoniis,
770 1319 806 1366 se
838 1302 1015 1382 adiungere
1044 1309 1141 1378 vetet,
1174 1303 1392 1368 Athenienses

165 1427 239 1472 vero
271 1408 348 1472 ideo
383 1407 500 1482 solum,
537 1407 615 1487 quia
646 1408 745 1472 rebus
773 1407 889 1471 alicnis
918 1426 953 1472 se
980 1409 1198 1484 hnmisceanl‚
1231 1405 1392 1473 omnibus

166 1513 327 1580 Siceliotis
354 1513 600 1578 inimicissimos
628 1514 780 1594 appellet,
811 1515 868 1594 qui
896 1516 1130 1580 sententiarum
1159 1521 1254 1580 tenor
1277 1515 1391 1579 dissol-

165 1627 273 1696 vatur,
314 1620 342 1682 si
378 1619 511 1700 aliquod
550 1618 778 1684 Siceliotarum
815 1639 892 1701 erga
930 1621 1210 1688 lacedaemonios
1247 1619 1392 1686 officium

166 1727 379 1807 intellegatur.

253 1833 313 1906 67,
334 1831 364 1895 3.
382 1868 424 1878 -
440 1833 470 1896 οἱ
487 1831 690 1914 προδιδόντες
707 1837 771 1896 τῶν
784 1831 966 1916 Μεγαρέων
984 1831 1069 1896 οὗτοι
1087 1833 1207 1896 τοιόνδε
1225 1831 1391 1915 ἐποίησαν]

167 1940 263 2004 verba
292 1940 327 2002 οἱ
353 1938 499 2020 προδιδ.
527 1943 601 2002 τῶν
627 1937 717 2019 Μεγ.
746 1939 833 2002 haud
861 1937 960 2003 dubie
990 1939 1031 2002 ad
1056 1957 1148 2018 pron.
1175 1937 1260 2002 οὗτοι
1284 1937 1391 2017 expla-

169 2047 310 2110 nandum
344 2044 457 2108 addita
489 2049 574 2120 sunt,
612 2062 687 2107 cum
719 2044 753 2108 hi
778 2045 825 2108 illi
853 2045 915 2126 ipsi
943 2046 1018 2120 sint,
1045 2063 1184 2126 quorum
1208 2050 1245 2108 ut
1267 2042 1391 2124 prolec-

167 2153 287 2216 tionem
310 2151 560 2214 Atheniensium
584 2158 822 2230 cognoscerent
845 2149 1031 2218 interfuisse
1054 2151 1153 2231 paulo
1173 2157 1248 2216 ante
1269 2151 1392 2216 dictum

167 2266 214 2322 est
243 2259 287 2341 (οἱ
313 2257 427 2339 ἄνδρες
456 2257 502 2326 οἷς
529 2257 669 2338 ἐπιμελὲς
697 2256 737 2339 ἦν
764 2257 899 2341 εἰδέναι),
929 2259 1053 2323 scilicet
1077 2259 1261 2337 proditores
1286 2257 1390 2337 Mega·

167 2382 292 2440 renses;
323 2365 377 2426 vix
405 2363 503 2437 enim,
535 2363 568 2425 id
597 2363 686 2442 quod
715 2362 903 2428 Classenius
931 2366 1010 2440 vult,
1042 2363 1099 2426 illo
1123 2363 1198 2428 loco
1223 2364 1391 2428 custodiae

168 2471 206 2533 ah
239 2468 496 2534 Atheniensibus
528 2469 718 2548 dispositae,
754 2487 839 2550 quae
872 2472 982 2536 nullae
1015 2475 1117 2546 erent,
1153 2470 1392 2552 intellegendae

168 2582 251 2638 sunt.
303 2575 343 2640 Ul
366 2581 521 2654 suspecta
544 2575 618 2649 sint,
645 2573 722 2640 lacit
746 2575 844 2640 etiam
868 2577 1054 2642 collocatio.

255 2682 315 2760 68,
339 2680 371 2745 5.
410 2682 465 2745 καί
491 2681 551 2764 γὰρ
579 2683 615 2744 οῖ
641 2681 705 2746 ἀπὸ
731 2689 786 2764 τῆς
809 2682 853 2745 Ἐ.
881 2684 961 2748 κατὰ
988 2682 1023 2746 τδ
1053 2685 1255 2766 ξυγκείμενον
1286 2704 1391 2762 τετρα-

167 2789 304 2872 κισχίλιοι
327 2789 502 2850 ὁπλῖται-
517 2789 726 2870 πορευόμενοι
748 2789 913 2873 παρῆσαν]
938 2789 1113 2854 articulum
1136 2791 1167 2854 ολ
1188 2789 1262 2852 ideo
1283 2787 1391 2852 delen·

168 2895 243 2958 dum
275 2912 364 2960 esse⁴
382 2899 496 2958 censet
520 2893 674 2970 Stahlius‚
705 2895 794 2975 quod
821 2895 855 2958 hi
886 2896 1003 2958 milites
1032 2899 1131 2958 antea
1158 2912 1225 2956 non
1249 2911 1392 2956 comme·

168 3003 281 3066 morati
305 3003 386 3073 sint;
411 3001 469 3064 sed
493 2999 601 3066 verhis
624 3001 703 3064 κατὰ
725 3001 765 3064 τὸ
789 3003 990 3083 ξυγκείμενον
1013 2999 1092 3062 salis
1116 2999 1324 3063 deliniuntur.
1372 3059 1375 3066 .

256 3107 315 3180 72,
340 3106 371 3170 2.
409 3112 474 3170 τῶν
499 3107 558 3188 μὲν
586 3107 720 3172 ὁπλιτῶν
746 3107 819 3188 περί
843 3131 880 3170 τε
901 3107 957 3189 τὴν
978 3104 1115 3168 Νίσαιαν
1138 3106 1239 3173 ὄντων
1262 3105 1316 3168 καὶ
1337 3105 1393 3188 τὴν

166 3213 345 3298 θάλασσαν]
373 3212 464 3276 nulla
492 3214 688 3278 necessitate
718 3212 861 3278 Stahlius
892 3212 1005 3292 partic.
1035 3234 1076 3285 τε,
1108 3228 1207 3292 quarn
1234 3211 1393 3291 praebent

167 3319 260 3383 codd.
289 3318 324 3382 C.
353 3319 388 3383 E.
415 3317 452 3384 G.
479 3319 531 3393 tlt,
558 3319 703 3390 sustulit;
729 3317 770 3382 cf.
797 3338 825 3384 c.
853 3319 906 3390 23,
933 3319 963 3381 2.
1013 3315 1092 3380 Eam
1116 3318 1264 3381 locorum
1289 3318 1392 3381 diver-

167 3425 293 3490 sitatem
318 3443 391 3489 esse
416 3433 570 3506 apparet,
587 3431 623 3487 ut
645 3425 749 3490 altero
774 3426 922 3490 membro
947 3423 1130 3498 castellum,
1156 3423 1259 3487 altero
1279 3429 1392 3504 portus

19 3487 20 3562 λ
132 3573 136 3580 ι
167 3531 373 3612 significetur.

257 3639 316 3712 75,
340 3637 371 3700 2.
411 3639 444 3701 ἐν
469 3645 507 3720 τῇ
531 3637 756 3719 Ἡρακλεώτιδι
784 3638 928 3720 ὁρμήσας
955 3638 987 3706 ἒς
1012 3635 1066 3700 τὸν
1093 3636 1222 3718 Κάλητα
1249 3636 1394 3719 ποταμὸν

166 3745 315 3808 ἀπόλλυσι
342 3743 396 3814 τὰς
423 3745 516 3829 νοῦς]
544 3743 630 3810 male
658 3744 852 3824 scripturam
879 3745 1024 3826 ὁρμήσας
1050 3743 1202 3822 vulgatae
1225 3744 1392 3826 ὁρμίσας,

167 3869 250 3930 quae
275 3851 370 3914 Laur.
397 3851 640 3931 comprobatur,
668 3849 812 3915 Stahlius
835 3847 991 3929 praefert3
1024 3866 1100 3912 nam
1123 3848 1261 3912 verbum
1284 3850 1393 3930 ὁρμεῖν

167 3974 356 4038 numquam,
383 3956 519 4021 verbum
543 3956 681 4039 ὁρμίζειν
704 3957 836 4036 saepius
860 3975 936 4020 cum
958 3957 990 4026 ἐς
1013 3971 1164 4035 praepos
1187 3955 1393 4037 Thucydides

166 4063 268 4143 iungit
293 4060 346 4148 (cs.
374 4059 528 4146 Betant.).
555 4080 664 4142 neque
688 4062 835 4127 traiectio
860 4063 980 4127 obiecti
1004 4061 1190 4126 communis
1214 4061 1280 4144 (τὰς
1302 4060 1392 4144 ναῦς)

167 4169 412 4246 posthumam
435 4169 532 4249 positi
556 4169 736 4250 quidquam
760 4166 950 4232 offensionis
973 4167 1083 4232 hahet.

259 4273 318 4347 78,
342 4273 372 4337 3.
412 4276 441 4338 εί
459 4275 505 4357 μὴ
531 4275 694 4355 δυναστείᾳ
716 4274 835 4355 μᾶλλον
858 4277 877 4355 ἢ
901 4274 1045 4355 ἰσονομίᾳ
1068 4276 1207 4357 ἐχρῶντο
1229 4274 1264 4337 τὸ
1292 4275 1392 4356 ἐγχώ-

168 4403 234 4461 ριον
257 4381 288 4444 οῖ
314 4377 484 4464 Θεσσαλοί]
508 4383 734 4446 accusativum
757 4379 792 4443 τὸ
815 4379 977 4460 ἐγχώριον,
997 4397 1095 4460 quem
1114 4380 1278 4463 ἐγχωρίους
1295 4381 1392 4446 inter·

168 4492 312 4565 pretatus
345 4493 395 4551 est
427 4487 632 4562 scholiastes
669 4503 777 4565 neque
809 4483 1021 4548 similitudine
1052 4504 1137 4566 quae
1166 4505 1239 4552 esse
1266 4487 1394 4552 ridetur
