3244 5060
219 501 316 574 vovit,
352 501 406 564 cui
439 501 560 579 optime
593 501 646 564 καὶ
681 499 900 582 (Θουκυδίδου
932 501 1008 583 κτλ.)
1032 503 1223 581 respondet;
1258 503 1342 566 idem
1373 509 1449 582 post

219 607 453 688 ἐφεδρευόνταιν
490 607 625 686 praebet
661 606 760 688 ἐγγὺς,
799 608 888 687 quod
925 614 1014 672 certe
1043 626 1109 672 non
1138 609 1246 672 minus
1275 627 1372 689 quam
1405 611 1449 673 ἔτι

219 714 260 776 ad
285 713 478 776 sententiam
508 720 620 792 aptum
654 718 719 788 est;
756 711 813 776 cfr.
841 713 894 789 lV,
922 714 974 788 71,
1004 715 1031 776 1.
1052 714 1116 776 Ἔτι
1139 733 1178 778 ex
1202 714 1293 796 ἐγγὺς
1320 714 1448 780 facilius

219 838 317 900 quam
353 821 417 884 hoc
452 837 491 883 ex
525 819 581 882 illo
615 820 690 883 oriri
724 821 880 899 potuisse,
917 818 1012 885 facile
1027 839 1156 884 ⁴omnes
1183 823 1377 888 concedent.
1405 861 1447 869 —

220 925 287 1011 §9
321 932 396 1006 post
428 927 504 990 ὅσον
527 927 622 990 Laur.
658 928 771 1006 partie.
802 928 856 990 καὶ
889 929 1018 1002 omittit,
1055 946 1139 1008 quae
1172 947 1360 1010 quanquam
1393 931 1448 994 de·

225 1033 312 1096 fendi
336 1040 441 1113 potest
466 1034 540 1097 ideo
566 1034 748 1114 suspeetior
771 1034 815 1112 lit,
844 1036 932 1115 quod
951 1053 1115 1116 nusquam
1134 1035 1211 1099 alibi
1229 1037 1263 1099 in
1282 1037 1344 1100 hac
1359 1037 1449 1101 locu·

219 1141 307 1204 tione
331 1141 461 1221 legitur3
489 1137 546 1203 cir.
573 1142 741 1205 adnotatio
765 1141 932 1222 Kruegeri,
960 1143 1015 1222 qui
1039 1166 1073 1223 γε
1096 1143 1249 1206 malebat.
1315 1162 1320 1172 ’

310 1246 370 1326 93,
406 1249 421 1310 1
456 1248 621 1327 glossema
648 1247 683 1310 τὸ
712 1249 745 1310 ἒν
767 1256 813 1330 τῷ
836 1247 985 1330 Πειραιεῖ,
1018 1249 1106 1330 quod
1130 1249 1163 1312 in
1187 1255 1263 1313 cett.
1289 1247 1355 1314 fere
1380 1267 1448 1314 om-

220 1353 317 1418 nibus
350 1360 424 1433 post
447 1353 653 1418 Διονυσιακὸν
682 1355 820 1434 irrepsit,
857 1356 976 1418 omittit
1000 1356 1113 1428 Laur.;
1148 1357 1235 1420 idem
1268 1375 1343 1420 oum
1376 1357 1449 1420 aliis

220 1468 293 1540 post
330 1461 551 1543 ἐξεκλησίασαν
585 1461 699 1541 partic.
733 1485 765 1524 τε
799 1461 898 1536 addit,
939 1480 1037 1542 quam
1071 1481 1130 1526 cur
1161 1463 1335 1528 reiciamus
1367 1464 1447 1527 nihil

219 1569 325 1632 video.
354 1568 499 1631 —Post
531 1568 639 1630 ἔθεντο
668 1569 702 1630 in
727 1567 822 1630 Laur.
849 1567 1002 1631 scribitur
1025 1569 1075 1642 αθ,
1109 1569 1197 1634 unde
1221 1571 1317 1633 αὐτοῦ
1341 1568 1450 1634 effecit

220 1694 338 1740 manus
371 1692 455 1750 sec.;
491 1675 549 1738 sed
583 1675 690 1754 aptius
719 1675 879 1754 particula
902 1673 948 1738 οὗ
972 1675 1132 1755 superiori
1155 1677 1284 1758 θέμενοι
1305 1676 1342 1739 τὰ
1365 1677 1448 1741 tnta

220 1783 381 1863 posterius
405 1782 513 1846 ἔθεντο
529 1818 569 1826 -
585 1781 622 1844 τὰ
646 1781 727 1844 ὅντλα
752 1782 938 1862 opponitur.
956 1779 1037 1866 --ξ
1057 1781 1076 1844 2
1096 1801 1155 1862 pro
1178 1783 1257 1852 τέως
1282 1779 1448 1865 (interea)

221 1889 255 1952 δὲ
277 1889 332 1971 τὴν
354 1889 445 1952 πόλιν
467 1889 573 1952 Vatic.
600 1888 656 1970 τὴν
680 1888 714 1952 δὲ
736 1889 826 1952 πόλιν
849 1888 992 1964 exhibet,
1019 1907 1116 1969 quem
1135 1890 1301 1954 Herwerd.
1330 1892 1446 1970 «quasi

220 2002 335 2076 postea
357 1997 421 2060 ista
444 1993 552 2060 facere
576 1995 707 2060 liceret»
735 1995 898 2059 adnotans
922 1997 1084 2076 sequitur;
1120 2014 1186 2076 qua
1215 1997 1312 2059 nimis
1336 1997 1447 2061 subtili

221 2104 384 2185 cogitandi
416 2104 543 2168 ratione
575 2103 672 2167 etiam
706 2108 873 2166 corrector
907 2103 1056 2166 Vaticani
1088 2121 1168 2166 usus
1201 2121 1275 2166 esse
1307 2104 1445 2168 videtur.

220 2211 256 2275 ln
289 2211 406 2276 eodem
439 2210 524 2275 male
557 2211 698 2292 φθείρειν
731 2209 893 2272 scribitur.
920 2245 965 2254 -
988 2206 1010 2294 ξ
1035 2208 1055 2272 3
1080 2209 1174 2272 Laur.
1206 2208 1297 2272 solus
1329 2211 1361 2273 ἓν
1390 2217 1447 2274 τοῦ

220 2317 373 2382 Διονύσου
400 2315 452 2404 (ολ.
479 2315 580 2401 lexx.)
614 2317 760 2398 praebet,
797 2317 885 2396 quod
918 2317 953 2378 in
986 2321 1061 2380 cett.
1092 2317 1381 2396 interpretamento
1414 2317 1449 2380 ἕν

219 2431 265 2506 τῷ
288 2425 443 2506 Διονυσίῳ
466 2425 638 2504 expulsum
662 2431 727 2499 est;
759 2421 800 2486 cl.
827 2422 925 2486 etiam
957 2424 1068 2504 glossa
1099 2423 1180 2486 initii
1214 2423 1328 2502 capitis
1358 2425 1448 2504 quod

221 2533 381 2612 sequitur:
407 2533 426 2614 ἦ
451 2533 484 2594 ἐν
507 2531 660 2595 Διονύσου
684 2531 841 2612 ἐκκλησία.

305 2637 371 2712 94,
398 2639 413 2700 1
440 2644 514 2717 post
535 2643 598 2707 πᾶς
619 2661 662 2706 τις
680 2638 712 2699 iu
735 2637 829 2700 Laur.
858 2636 1010 2700 scribitur
1031 2641 1095 2700 τῶν
1118 2625 1260 2709 ὁπλιτῶν,
1284 2638 1318 2699 in
1338 2637 1445 2701 Vatic.

219 2751 283 2809 τῶν
313 2745 448 2817 πολλῶν,
481 2744 516 2806 in
547 2743 650 2807 Vatic.
682 2767 729 2825 γρ.
758 2749 789 2806 01
822 2743 892 2818 rell.
923 2747 987 2806 τῶν
1018 2743 1144 2806 πολλῶν
1176 2742 1324 2818 ὁπλιτῶνς
1359 2762 1447 2824 quae

220 2855 331 2918 omnia
355 2851 510 2926 Stahlius,
537 2869 635 2930 quem
657 2849 761 2913 Closs
789 2855 821 2912 et
844 2849 1010 2913 Herwerd.
1037 2851 1141 2912 secuti
1165 2855 1251 2926 sunt,
1278 2855 1447 2930 tamquam

219 2964 509 3041 interpretamenta
533 2977 573 3023 ex
597 2975 625 3020 c.
653 2956 705 3030 93,
733 2955 753 3020 3
780 2955 826 3038 (τὸ
849 2961 913 3018 πᾶν
935 2956 1059 3038 πλῆθος
1080 2961 1144 3019 τῶν
1167 2957 1314 3039 ὁπλιτῶν)
1346 2956 1447 3020 ducta

220 3069 386 3150 expunxit,
435 3067 549 3146 Neque
580 3071 692 3129 tamen
726 3065 806 3127 satis
835 3081 955 3128 causae
980 3061 1048 3138 luit,
1084 3081 1143 3126 cur
1176 3065 1352 3144 quicquam
1376 3081 1446 3128 ver-

219 3177 337 3241 borum
360 3179 422 3244 ττᾶς
443 3197 487 3243 τις
511 3171 782 3252 explicandorum
805 3171 908 3251 gratia
931 3170 1115 3244 adderetur,
1146 3187 1208 3233 nec
1236 3170 1447 3234 incommode

220 3284 338 3347 milites
370 3282 477 3362 gravis
505 3285 701 3354 armaturae,
739 3296 878 3358 quorum
913 3278 1054 3341 maxime
1087 3294 1188 3356 opera
1221 3273 1274 3363 (cf.
1305 3275 1358 3351 92,
1392 3274 1445 3361 10)

221 3390 393 3455 castellum
424 3389 567 3450 dirutum
599 3391 680 3461 erat,
715 3385 768 3448 hic
797 3384 853 3448 ubi
876 3385 917 3448 ad
941 3383 998 3447 illa
1020 3383 1191 3464 respicitur
1214 3383 1334 3447 diserte
1358 3399 1446 3446 com·

220 3501 459 3570 memorantur;
495 3493 550 3574 qui
579 3511 654 3555 cum
682 3491 781 3555 iidem
806 3491 982 3572 populares
1006 3497 1125 3566 essent,
1156 3494 1220 3552 τῶν
1242 3489 1368 3552 πολλῶν
1391 3489 1447 3552 ad-

220 3604 297 3668 dere
321 3605 355 3666 in
377 3607 529 3683 promptu
554 3605 633 3672 erat,
660 3598 750 3680 quod
772 3598 890 3662 deinde
910 3598 942 3660 in
965 3603 1040 3662 cett⁴
1057 3598 1141 3660 inter
1160 3595 1261 3660 verba
1279 3595 1448 3675 scriptoris

218 3717 388 3789 receptum
416 3716 475 3784 est,
505 3709 540 3772 in
564 3707 668 3771 Vatio.
695 3723 808 3770 veram
837 3705 1032 3783 scripturam
1056 3702 1189 3782 expulit.
1215 3739 1258 3746 —
1282 3700 1305 3786 ξ
1328 3701 1348 3763 2
1373 3707 1449 3781 post

219 3841 246 3879 τι
270 3817 364 3880 laur.
399 3817 453 3878 καὶ
484 3815 597 3897 partic.
630 3813 715 3876 male
747 3812 874 3887 omittit,
911 3810 996 3874 sicut
1022 3808 1106 3873 infra
1133 3809 1270 3875 verbum
1296 3808 1448 3889 παρόντα.

220 3960 264 3968 -
278 3921 336 4006 ξ3
356 3929 545 4002 corruptum
569 3919 619 3996 οὗ,
642 3920 730 3984 unde
754 3925 843 3983 recte
868 3916 925 3981 οὗν
949 3916 1056 3981 effecit
1079 3916 1257 3992 Bekkerus,
1283 3915 1317 3978 in
1340 3914 1446 3978 Vatic.

221 4029 387 4093 omittitur.

310 4135 370 4208 95,
398 4135 413 4197 1
439 4142 512 4214 post
540 4133 679 4218 Θορικοῦ
704 4151 722 4198 e
746 4135 841 4197 Laur.
869 4139 902 4196 et
926 4131 1030 4195 Vatia.
1056 4130 1199 4194 tenenda
1227 4135 1278 4194 est
1300 4135 1381 4208 part.
1407 4153 1448 4203 τε,

221 4262 320 4326 quam
334 4242 475 4308 editores
490 4241 624 4322 quidam
639 4241 803 4315 omittunt,
826 4238 867 4303 cf.
885 4239 922 4316 ll,
943 4237 993 4312 13,
1012 4239 1048 4309 7;
1069 4237 1120 4315 lll‚
1140 4235 1213 4312 106,
1231 4235 1267 4313 3;
1289 4235 1340 4314 vl,
1359 4233 1390 4310 5,
1411 4236 1427 4298 1
1438 4259 1445 4310 ;

219 4351 305 4415 idem
330 4349 352 4424 l,
382 4349 454 4424 118,
481 4347 501 4412 2
536 4365 576 4412 ex
608 4348 803 4410 auctoritate
828 4347 922 4410 Laur.
950 4352 981 4410 et
1005 4343 1100 4407 Dion.
1127 4341 1231 4406 Halic.
1261 4339 1448 4407 faciendum

219 4465 270 4522 est
305 4458 370 4541 (τῆς
401 4480 437 4520 τε
470 4455 590 4538 Ξέρξου
625 4452 883 4536 ἀναχωρήσεως).
907 4489 949 4498 -
973 4450 996 4537 ξ
1025 4449 1044 4514 2
1075 4449 1250 4514 collocatio
1279 4447 1384 4512 Vatic,
1414 4449 1448 4512 ἐν

218 4566 303 4648 τάχει
334 4565 521 4648 βουλόμενοι
556 4558 643 4646 (0011.
674 4559 761 4640 βουλ.
790 4559 823 4624 ἐν
853 4557 889 4645 τ.)
924 4557 1062 4624 fortasse
1095 4557 1287 4637 exquisitior
1318 4561 1378 4619 est.
1403 4591 1448 4601 —
