3262 5052
716 291 776 356 131

157 466 299 529 indicativi
324 467 590 551 (ἐπολεμήσαμεν)
615 469 830 548 praecesserit
855 475 887 532 et
909 469 1046 533 verbum
1069 467 1166 532 futuri
1194 470 1362 536 indicativi

157 569 378 656 (πολεμήσομεν)
405 580 571 654 sequatur,
598 574 735 640 verbum
759 576 941 654 praesentis
965 577 1166 639 coniunctivi
1189 579 1360 657 interposi-

153 685 208 741 tum
229 697 297 744 esse
320 681 376 742 vix
399 681 466 744 veni
491 680 596 744 simile
621 687 680 745 est.
729 681 855 746 Deinde
877 682 911 744 in
935 683 1115 762 conspicuo
1140 688 1199 758 est,
1227 682 1360 754 Sicelic-

152 787 272 849 tesiam
294 787 486 866 priusquam
511 787 742 852 Hermocrates
765 788 882 851 dixerit
905 789 990 854 inter
1013 807 1049 854 se
1069 789 1283 868 disceptando
1305 791 1358 873 (ὀύ

150 891 324 975 ἀντιλογιῶν)
357 893 564 956 reconciliari
595 897 733 957 conatos
764 911 848 968 esse,
882 899 917 955 ut
947 895 1010 958 boc
1040 901 1188 974 tempore
1219 914 1286 959 non
1318 897 1361 960 ad

147 999 402 1076 periclitationem
434 999 658 1082 (πειρώμεθα),
689 1000 747 1063 sed
780 1000 821 1063 ad
851 1001 1156 1065 reconciliationem
1186 1001 1291 1082 ipsam
1316 1001 1359 1066 l-

145 1105 281 1168 ciendam
305 1123 363 1168 eos
388 1111 498 1168 orator
522 1105 686 1169 adhortari
711 1105 869 1170 debuerit.
918 1107 1101 1184 Postremo,
1128 1108 1154 1170 si
1172 1111 1360 1191 πειρώμεύα

141 1230 193 1290 pro
225 1211 435 1276 coniunctivo
463 1212 653 1291 accipiatur,
684 1213 870 1292 praeposita
897 1213 954 1276 illa
985 1213 1101 1276 verba:
1136 1213 1172 1276 τὰ
1205 1215 1265 1296 γὰρ
1298 1217 1360 1280 ἴδια

140 1318 256 1381 ἕκαστοι
278 1317 314 1381 εὖ
337 1317 560 1400 βουλευόμενοι
585 1318 623 1400 δὴ
647 1318 764 1382 θέσθαι
788 1318 830 1382 ad
853 1319 985 1382 tertium
1009 1319 1209 1384 membrum:
1235 1325 1274 1403 ἢν
1297 1323 1359 1405 ἄρα

138 1424 179 1506 μή
193 1426 388 1506 προχωρήσῃ
405 1473 411 1486 .
428 1425 541 1487 ,πάλιν
554 1425 775 1507 πολεμήσομεν
789 1422 901 1488 referri
916 1443 983 1488 non
998 1427 1135 1505 possint,
1162 1445 1276 1506 quare
1291 1428 1356 1506 fiat,

136 1537 169 1592 ut
198 1533 261 1594 hoc
296 1531 479 1594 membrum
513 1531 639 1594 nullum
677 1549 795 1594 sanum
831 1549 965 1595 sensum
1001 1532 1131 1596 habeat.
1190 1532 1361 1600 Sententia

135 1638 228 1700 totius
259 1637 324 1701 loci
355 1637 437 1700 baec
468 1643 532 1701 est:
565 1638 653 1717 quod
684 1638 711 1700 si
742 1637 838 1701 nobis
867 1657 1000 1718 quoque
1022 1639 1056 1702 in
1080 1641 1266 1719 praesentia
1288 1661 1359 1722 per-

34 1769 35 1828 p
134 1744 320 1808 suadebitur
351 1741 608 1828 (adhortationes
639 1744 681 1808 ad
711 1745 1015 1810 reconciliationem
1046 1744 1232 1810 faciendam
1262 1744 1359 1812 utiles

132 1849 225 1936 csse),
259 1851 402 1914 maximo
433 1851 608 1915 commodo
640 1851 714 1924 erit;
744 1851 777 1914 id
801 1851 888 1914 enim
914 1858 1058 1932 agentes
1085 1857 1120 1915 ut
1143 1853 1211 1916 suis
1235 1855 1358 1934 quique

34 1943 35 1996 ἶ
130 1957 225 2021 rebus
245 1957 330 2021 bene
354 1953 386 2042 (i.
409 1975 437 2020 e.
460 1952 510 2020 ad
530 1953 721 2043 utilitatem)
743 1957 1002 2034 consuleremus
1025 1964 1057 2022 et
1071 1957 1113 2022 ab
1127 1959 1219 2022 initio
1233 1958 1357 2023 bellum

34 2083 35 2112 ι
130 2063 335 2142 suscepimus
359 2069 390 2128 et
413 2081 502 2126 nunc
526 2063 695 2127 internos
719 2063 935 2144 disceptando
963 2064 1170 2128 reconciliari
1197 2082 1358 2128 conamur

129 2177 168 2246 et,
209 2171 237 2232 si
270 2167 353 2233 forte
387 2187 454 2232 non
487 2168 639 2232 omnibus
673 2169 854 2250 contigerit,
890 2175 927 2234 ut
957 2171 1009 2234 ius
1042 2189 1137 2234 suum
1171 2169 1356 2234 obtinentes

128 2275 308 2349 discedant,
344 2275 453 2339 denuo
486 2275 609 2338 bellurn
641 2293 803 2355 geremus.
861 2277 986 2357 Nempe
1018 2277 1052 2340 id
1084 2282 1195 2340 orator
1226 2277 1353 2358 premit,

127 2381 299 2446 Siceliotas
333 2382 367 2444 in
398 2380 497 2446 rebus
529 2381 680 2462 gerendis
713 2399 842 2463 semper
875 2400 969 2446 suam
1003 2401 1151 2464 quosque
1182 2384 1356 2449 utilitatem
1439 2406 1443 2436 .·

34 2473 35 2480 ¹
126 2489 231 2568 sequi.

34 2667 35 2684 χ
216 2595 277 2667 60,
302 2593 333 2656 2.
361 2631 402 2638 „.
426 2593 545 2676 ἄνδρας
573 2595 606 2656 οἳ
628 2594 682 2657 καὶ
708 2594 789 2665 τοὺς
807 2595 852 2678 μὴ
881 2595 1148 2678 ἐπικαλουμένους
1176 2597 1264 2660 αὐτοὶ
1291 2597 1355 2658 ἔπι-

34 2687 65 2782 '‚
124 2698 342 2783 στρατεύουσι]
375 2700 553 2775 «homines,
585 2700 641 2780 qui
668 2700 767 2764 etiam
796 2719 911 2765 eorum
941 2701 1024 2767 fines
1048 2703 1104 2782 qui
1128 2720 1186 2766 eos
1210 2721 1278 2766 non
1301 2720 1354 2765 ac·

125 2809 331 2871 cersiverunt
352 2805 611 2886 ingrediuntur.»
661 2805 716 2870 Sic
747 2805 815 2872 iere
844 2809 982 2872 vertitur
1009 2808 1050 2872 et'
1065 2807 1106 2871 ad
1130 2809 1356 2872 accusativum

124 2912 357 2993 explicandum
372 2910 539 2976 confertur
553 2931 581 2976 c.
596 2912 649 2988 92,
662 2911 697 2976 5:
713 2913 767 2978 τὸν
780 2913 839 2995 μὲν
853 2915 1049 2996 ἡσυχάζοντα
1059 2950 1103 2960 -
1113 2914 1352 2996 ἐπιστρατεύειν;

124 3020 183 3084 sed
207 3020 273 3082 boc
297 3019 372 3082 loco
396 3019 476 3082 satis
500 3019 694 3096 declaratur,
721 3020 855 3084 verbum
885 3020 1108 3102 ἐπιστρατεύειν
1136 3036 1211 3081 cum
1240 3037 1351 3082 accus.

124 3127 340 3190 coniunctum
364 3125 404 3189 de
428 3126 576 3205 ingressu
602 3121 780 3202 hostiliter,
807 3145 874 3190 nou
898 3126 940 3188 ad
960 3125 1110 3188 homines
1130 3122 1355 3188 defendendos

124 3231 212 3296 facto
237 3232 326 3312 poni,
353 3231 441 3312 quod
463 3232 549 3296 idem
575 3231 657 3296 locis
676 3251 761 3312 quos
780 3232 892 3296 Matth.
914 3250 1049 3312 gramm.
1070 3228 1175 3315 §402
1197 3251 1216 3296 a
1235 3231 1310 3295 adn.
1336 3232 1352 3293 1

125 3339 258 3419 collegit
289 3337 533 3418 comprobatur.
596 3339 702 3419 Quam
730 3339 773 3403 ob
801 3358 871 3404 rem
904 3340 1066 3418 scriptura
1099 3337 1222 3401 codicis
1255 3337 1350 3400 baur.

34 3475 35 3484 ι
123 3452 199 3515 τοῖς
221 3445 266 3528 μή
291 3445 565 3528 ἐπικαλουμένοις
588 3444 803 3525 praeferenda
826 3451 889 3517 est;
921 3445 1051 3508 dativus
1080 3443 1206 3508 scilicet
1234 3441 1353 3523 quibus

125 3552 287 3631 expeditio
318 3551 494 3614 commodo
525 3551 567 3614 sit
597 3552 773 3633 significat:
806 3548 866 3634 qui
895 3549 1002 3615 ctiam
1033 3547 1092 3627 cia,
1119 3547 1258 3632 puteos
1283 3566 1353 3612 oon

126 3653 399 3730 aduocauerunt,
415 3652 652 3737 ecpedtttones
661 3654 817 3742 faciunt.
860 3657 1004 3722 Verbum
1018 3656 1241 3737 ἐπιστρατεύειν
1254 3655 1353 3718 etiam

125 3765 148 3840 l,
183 3763 236 3834 38.
271 3765 293 3826 4
326 3763 475 3828 absolute
508 3765 650 3843 positum
682 3770 741 3829 est.
777 3799 818 3808 -
850 3760 957 3843 Supra
991 3761 1024 3848 (ξ
1058 3761 1088 3847 1)
1123 3761 1353 3826 Hermocrates

126 3870 342 3934 Athenienses
374 3876 454 3933 tunc
486 3870 602 3952 ὀλίγαις
634 3871 723 3934 ναυσὶ
755 3869 930 3934 advenisse
963 3869 1057 3944 dicit,
1092 3868 1151 3930 sed
1185 3869 1293 3942 miror,
1325 3868 1353 3929 si

126 3977 264 4057 amplius
298 3977 513 4058 quadraginta
546 3994 646 4040 naves
682 3973 734 4061 (cf.
766 3976 817 4051 ΙΙΙ,
850 3974 924 4050 115,
958 3977 994 4048 4;
1029 3974 1081 4049 IV,
1109 3973 1140 4052 2,
1167 3975 1203 4052 2,
1238 3974 1291 4048 48,
1318 3970 1351 4058 6)

128 4082 342 4164 Syracusanis
374 4100 501 4164 paucae
534 4083 623 4147 visae
656 4084 721 4146 sint
751 4079 803 4165 (cs.
836 4099 864 4143 c.
899 4081 953 4159 24,
980 4078 1024 4165 3).
1074 4080 1227 4146 Fortasse
1258 4080 1354 4160 igitur

127 4191 192 4252 οὐκ
217 4195 293 4253 ante
317 4189 433 4271 ὀλίγαις
456 4189 585 4265 excidit,
607 4189 639 4252 id
660 4187 748 4270 quod
770 4187 835 4262 Vll,
857 4185 911 4263 29,
934 4189 954 4252 3
974 4186 1095 4252 factum
1116 4195 1166 4250 est
1182 4185 1234 4272 (cl.
1252 4187 1351 4250 etiam

127 4297 165 4358 ad
189 4296 241 4372 ΙΙΙ,
270 4295 321 4362 13.
345 4295 389 4376 5).
536 4357 539 4366 ,

215 4402 275 4475 62,
300 4402 330 4465 2.
370 4405 390 4484 ἢ
422 4402 548 4476 δοκεῖτε,
564 4439 615 4476 —,
645 4401 705 4481 οὐχ
734 4399 846 4480 ἡσυχία
876 4401 997 4480 μᾶλλον
1026 4403 1046 4481 ἢ
1076 4398 1214 4482 πόλεμος
1236 4397 1271 4460 τὸ
1294 4396 1353 4479 μὲν

125 4514 240 4571 παῦσαι
268 4511 307 4571 ἂν
334 4509 484 4589 ἑκατέρῳ,
507 4507 542 4570 τὸ
567 4507 601 4570 δὲ
624 4505 842 4580 ξυνδιαοῶσαι,
866 4505 921 4568 καὶ
943 4505 997 4575 τὰς
1018 4502 1109 4587 τιμὰς
1131 4505 1185 4568 καὶ
1207 4503 1352 4588 λαμπρό-

1105 4625 1138 4678 9·
