3244 5060
840 337 882 401 38

344 517 401 589 75,
428 517 443 578 1
470 522 545 579 ante
569 515 766 597 Δημοσθένει
789 515 894 580 Vatic.
921 517 1013 578 artic.
1039 523 1084 596 τῷ
1108 515 1240 590 omittit;
1270 514 1384 578 eadem
1410 515 1473 576 dis—

250 624 418 703 crepantia
450 622 601 686 codicum
635 623 799 687 invenitur
831 641 860 685 c.
891 621 944 697 21,
975 620 1006 698 5,
1038 622 1095 685 sed
1124 640 1152 685 c.
1183 621 1236 695 80,
1270 622 1285 683 1
1316 619 1350 684 in
1378 622 1470 684 artic.

248 729 431 794 omittendo
465 730 690 805 consentiunt;
726 727 766 792 cf.
802 729 843 792 ad
877 727 956 805 Vlll.
987 727 1040 804 55,
1074 729 1102 792 1.
1135 765 1174 774 -
1204 725 1226 812 ξ
1254 727 1274 790 2
1302 728 1337 790 in
1367 728 1470 792 Vatic.

249 837 417 900 atodeodm
441 842 499 910 est,
527 853 625 916 quam
649 836 830 916 praesentis
854 833 991 900 formam
1014 844 1102 900 recte
1127 835 1272 900 Stablius
1292 834 1475 916 Thucydidi

249 942 450 1006 abiudicavit
474 940 527 1027 (of.
555 961 608 1022 qu.
635 961 701 1028 gr2
728 962 759 1023 p.
787 941 853 1028 66).
894 943 1027 1007 Praeter
1049 943 1159 1007 locum
1185 943 1235 1014 Vl,
1262 941 1471 1016 5811555.

249 1049 370 1129 ubique
400 1049 658 1132 (npobrode'odm
687 1049 818 1115 exbibet
843 1048 892 1135 (ll,
919 1047 972 1125 93,
999 1049 1035 1126 3;
1066 1050 1116 1126 ΙΙΙ,
1143 1048 1196 1124 83,
1222 1050 1258 1124 4;
1289 1049 1326 1120 V,
1353 1047 1406 1124 26,
1434 1048 1471 1123 5;

248 1156 279 1220 h.
306 1156 354 1241 1.).
380 1193 424 1202 -
448 1153 470 1240 ξ
497 1157 518 1218 4
546 1157 580 1218 in
608 1157 712 1220 Vatic.
749 1175 807 1236 per
840 1149 1088 1237 dittographiam¹
1121 1156 1267 1238 syllabae
1301 1179 1348 1224 -ες
1380 1173 1473 1234 prae-

249 1262 395 1326 cedentis
427 1269 502 1326 ante
536 1263 611 1326 ὅσον
643 1281 792 1343 praepos.
829 1264 860 1333 ἐς
892 1264 1029 1342 irrepsit,
1061 1261 1102 1326 cf.
1135 1263 1186 1338 Vl,
1218 1261 1270 1338 70,
1297 1261 1328 1338 3,
1355 1268 1474 1325 contra

249 1387 345 1448 quem
379 1370 489 1460 locum
522 1370 602 1432 nihil
633 1370 721 1433 valet
754 1370 792 1444 V,
824 1369 877 1444 51,
909 1369 939 1444 2,
971 1387 1068 1449 quem
1097 1370 1137 1432 ad
1171 1387 1281 1456 praep.
1316 1368 1474 1431 tuendam

248 1475 355 1538 attulit
379 1475 554 1542 Stahlius.l
602 1477 734 1540 Rectius
758 1474 842 1540 infra
865 1477 969 1540 Vatia.
995 1476 1140 1556 προλίποι
1164 1495 1261 1556 quam
1291 1479 1366 1539 cett.
1392 1499 1473 1554 προ-

247 1582 344 1644 λείπει
381 1583 530 1662 praeben
570 1589 684 1646 contra
723 1584 831 1645 minus
863 1583 971 1662 placet
1003 1583 1037 1644 in
1072 1583 1188 1646 eodem
1220 1583 1475 1663 ὑπολειπόμενοι

250 1685 336 1773 (cett.
362 1689 474 1772 duob),
494 1707 569 1752 cum
589 1691 679 1752 notio
699 1685 927 1772 relinquendi,
950 1685 1136 1753 deserendi
1149 1690 1201 1752 hic
1216 1690 1322 1769 aptior
1337 1691 1474 1752 notione

199 1799 202 1804 '
248 1791 460 1858 remanendi
478 1796 537 1881 sit3
564 1815 752 1876 quanquam
775 1803 842 1859 tarn
871 1795 1057 1876 frequenter
1084 1798 1117 1859 in
1145 1797 1196 1859 his
1224 1796 1472 1876 praepositioni·

247 1900 309 1964 bus
342 1903 564 1981 permutandis
597 1909 776 1981 peccarunt
808 1902 930 1966 librarii
964 1901 1015 1987 (cf.
1046 1922 1076 1964 v.
1107 1921 1136 1966 c.
1168 1903 1243 1966 adn.
1275 1903 1316 1966 ad
1346 1902 1400 1977 70,
1433 1904 1469 1976 8;

249 2006 300 2082 73,
330 2007 371 2094 1),
404 2015 437 2072 ut
465 2009 616 2089 equidem
646 2009 812 2074 nonnullis
841 2009 922 2072 locis
951 2010 1141 2074 alterutrum
1170 2028 1228 2088 pro
1259 2010 1355 2088 plane
1380 2017 1471 2074 certo

247 2121 390 2180 statuere
422 2135 545 2180 verear.
594 2116 677 2179 Ante
710 2118 826 2199 ἀφανεῖ
853 2117 901 2180 in·
917 2117 1020 2180 Vatic.
1052 2116 1208 2180 articulus
1231 2124 1277 2197 τῷ
1300 2116 1469 2190 scribtum

246 2230 420 2302 utrumque
454 2223 701 2304 Thucydideum
734 2230 793 2296 est,
830 2221 870 2286 cf.
902 2223 924 2298 Ι,
955 2223 1008 2298 42,
1040 2223 1075 2296 2;
1113 2222 1185 2296 138,
1222 2222 1252 2286 3.
1301 2223 1399 2286 Pron.
1436 2248 1471 2294 τι,

247 2330 335 2409 quod
359 2336 434 2394 ante
457 2331 588 2393 πάθωσι
612 2331 707 2393 codd.
734 2337 862 2409 praeter
888 2330 989 2393 Vatia.
1017 2330 1150 2393 addunt.
1181 2330 1399 2410 dittograpbia
1422 2330 1470 2390 lit-

246 2442 335 2499 terae
358 2461 382 2498 π
405 2443 511 2499 ortum
537 2455 608 2500 esse
633 2438 769 2500 videtur.
789 2473 830 2480 -
845 2435 902 2521 §b
922 2437 1026 2500 Vatic.
1053 2435 1191 2500 fortasse
1216 2437 1331 2500 melius
1355 2437 1471 2518 ἔφερον

244 2544 356 2612 πάνιες
378 2542 526 2622 praebet;
553 2541 593 2606 cf.
619 2549 729 2607 tamen
753 2544 776 2618 l,
806 2543 878 2621 113,
903 2545 934 2606 4.
984 2543 1081 2606 Pron.
1108 2545 1245 2615 ἕκαστος,
1270 2543 1357 2623 quod
1382 2543 1470 2606 idem

245 2655 321 2714 ante
345 2651 498 2732 χρήσιμον
522 2650 620 2723 addit,
648 2650 865 2713 collocatione
889 2651 960 2729 ipsa
984 2652 1169 2729 suspectius
1193 2649 1227 2712 fit
1252 2648 1320 2734 (cfr.
1348 2649 1466 2730 Krueg.

246 2757 386 2837 adnot.);
413 2757 549 2832 accedit,
576 2757 663 2836 quod
688 2757 721 2818 in
745 2762 821 2820 cett.
848 2757 1040 2835 pronomine
1070 2758 1191 2820 omisso
1220 2757 1298 2819 κατὰ
1326 2756 1361 2818 τὸ
1390 2759 1467 2838 χρή-

245 2887 336 2944 σιμον
364 2864 488 2944 legitur,
520 2882 585 2943 quo
614 2861 648 2925 fit
675 2869 711 2926 ut
738 2863 839 2926 verba
866 2863 944 2926 κατὰ
972 2863 1006 2926 τὸ
1038 2863 1254 2944 dittographia
1287 2864 1468 2926 litterarum

245 2972 391 3048 proxime
420 2969 681 3033 antecedentium
711 2969 809 3052 (κατὰ,
838 2970 916 3033 κατὰ
943 2970 991 3052 τὸ)
1020 2971 1071 3035 vel
1101 2970 1165 3034 alio
1195 2971 1337 3050 quodam
1368 2971 1466 3032 modo

245 3081 317 3140 orta
345 3084 377 3140 et
406 3077 439 3138 in
470 3077 646 3157 archetypo
678 3075 782 3139 Vatia.
816 3078 848 3139 in
877 3080 1006 3148 ἕκαστος
1034 3087 1183 3142 correcta
1211 3095 1283 3140 esse
1308 3078 1468 3155 suspicari

245 3181 355 3258 liceat;
391 3201 452 3246 nec
485 3183 570 3246 enim
604 3185 734 3254 ἕκαστος
764 3185 799 3246 in
831 3185 910 3248 κατὰ
942 3185 976 3248 τὸ
1006 3184 1100 3249 155115
1129 3186 1293 3263 corrumpi
1323 3185 1466 3262 potuisse

245 3289 401 3354 credibile
426 3295 475 3352 est
502 3288 659 3374 (Gertzius
683 3291 761 3354 κατὰ
785 3290 819 3353 τὸ
846 3291 965 3374 (σῶμα)
991 3291 1120 3364 conicit,
1148 3293 1189 3355 cl.
1213 3291 1264 3362 74,
1285 3285 1339 3374 ll.
1381 3289 1465 3352 Infra

245 3397 278 3458 in
304 3397 396 3459 Laur.
420 3396 571 3460 scribitur
590 3399 679 3461 edroi
694 3423 729 3461 τε
748 3399 810 3461 καὶ
828 3399 864 3460 τὰ
882 3400 1014 3480 σφέτερα
1036 3397 1139 3482 (multi
1159 3398 1254 3462 codd.
1276 3397 1338 3470 καὶ,
1359 3397 1463 3460 Vatic.

245 3526 276 3565 τε
308 3503 361 3565 καὶ
394 3501 524 3588 omm.);
559 3503 592 3566 in
626 3506 742 3568 eodem
772 3505 842 3568 solo
867 3505 967 3568 verba
994 3505 1057 3568 ὑπὸ
1084 3509 1146 3574 τοῖς
1174 3505 1281 3574 ὅπλοις
1314 3501 1409 3588 lquae
1432 3504 1465 3564 in

245 3609 294 3671 ἐπὶ
316 3634 339 3671 ι.
364 3611 389 3672 ὅ.
419 3609 616 3674 emendabat
639 3609 857 3695 Pluygersiusl
889 3611 1016 3685 desunt,
1049 3617 1081 3674 et
1109 3613 1222 3674 nescio
1246 3629 1288 3673 an
1312 3611 1465 3690 interpre-

243 3715 334 3778 tandi
363 3735 465 3780 causa
493 3717 602 3781 addita
630 3719 707 3795 sint;
740 3718 857 3798 quibus
886 3719 1003 3781 additis
1031 3724 1066 3781 ut
1089 3719 1202 3797 partic.
1230 3719 1282 3780 καὶ
1306 3718 1466 3781 eiceretur

243 3821 382 3886 librariis
414 3825 597 3902 proximum
630 3823 697 3888 luit.
747 3825 809 3888 Pro
841 3849 873 3888 ιε
905 3823 977 3888 fort.
1013 3849 1051 3906 γε
1084 3823 1240 3904 scriptum
1274 3823 1346 3899 tuin
1382 3841 1464 3905 quas

243 3929 420 4008 particulas
452 3931 536 3995 inter
568 3951 603 3996 se
636 3932 811 4011 permutari
846 3931 951 3996 solere
985 3931 1189 3995 notissimum
1223 3939 1281 3995 est.
1316 3969 1359 3977 -
1393 3929 1415 4015 ξ
1445 3933 1463 3994 7

243 4035 360 4098 melius
387 4037 488 4100 Vatic.
514 4039 629 4111 πεζούς
650 4063 686 4101 τε
711 4035 756 4123 (in
780 4036 839 4124 lit.)
865 4044 897 4102 et
919 4040 1130 4120 προσέχοντας
1154 4036 1297 4116 praehet.

332 4142 368 4205 ln
392 4143 533 4207 confinio
558 4163 651 4225 capp.
673 4143 718 4209 76
738 4149 770 4208 et
792 4143 836 4209 77
863 4146 1051 4224 discrepant
1074 4142 1182 4218 codd,
1210 4161 1285 4207 curn
1309 4145 1342 4206 in
1367 4145 1460 4210 Laur.

243 4249 397 4330 ὠφελεῖν,
413 4252 453 4313 ἔτι
480 4251 533 4314 καὶ
561 4252 631 4324 κτλ,
660 4251 694 4314 in
721 4251 821 4315 Vatia.
849 4252 981 4334 ὠφελεῖν
1003 4275 1036 4313 τι.
1061 4249 1114 4312 καὶ
1137 4250 1198 4312 κτλ.
1223 4251 1379 4329 scriptum
1410 4245 1480 4316 sits

335 4499 463 4555 ¹Eadem
488 4516 577 4568 praep.
601 4499 643 4562 Vl,
667 4499 710 4568 65,
735 4499 751 4551 3
779 4503 840 4568 post
867 4499 1070 4564 προσελάσαντες
1098 4495 1238 4562 irrepsisse
1267 4497 1380 4558 videtur,
1411 4517 1464 4568 qua

242 4585 333 4642 deleta
352 4598 386 4658 τῇ
406 4589 513 4656 Κατάνῃ
534 4588 707 4642 scribendum
727 4593 775 4640 est.
