3262 5052
803 241 866 306 132

222 443 314 504 τητας
346 421 605 502 ἀκινδυνοτέρους
634 422 714 502 ἔχειν
744 419 800 502 τήν
831 417 983 501 εἰρήνην]
1018 418 1233 483 Heilmannus
1265 417 1385 481 παύσαι
1409 453 1452 462 -

224 527 434 600 ξυνδιασώσαι
462 545 503 590 ex
531 527 657 606 aliquot
684 525 780 590 codd.
814 521 893 611 (non
921 523 1030 610 Laur.)
1057 524 1196 604 scripsit,
1224 541 1322 604 quem
1347 523 1456 588 secuti·

224 632 342 713 Krueg.
368 641 400 696 et
419 631 523 697 Class.
546 633 587 695 ad
607 632 819 696 omissionem
838 631 1019 711 particulae
1039 631 1084 694 ὅτι
1103 631 1327 694 excusandam
1342 629 1364 706 l,
1384 628 1414 706 3,
1433 629 1452 691 2

224 739 443 803 contulerunt.
493 737 558 802 Sed
588 738 685 802 huius
716 739 781 802 loci
811 738 909 818 plane
938 737 1036 801 aliam
1066 738 1229 800 rationem
1259 753 1333 800 esse
1364 742 1454 799 recte

225 844 337 908 docuit
369 843 529 915 stantius
564 845 702 920 accedit,
738 845 827 925 quod
858 845 1045 907 terminatio
1078 865 1144 906 -σαι
1178 842 1351 923 singularis
1385 849 1450 922 opt.

225 969 293 1014 aur.
325 950 506 1033 Thucydidi
538 951 758 1034 abiudieanda
791 969 864 1014 esse
891 951 1030 1015 videtur.
1086 949 1254 1012 Audacius
1283 948 1451 1013 Herwerd.

224 1058 365 1138 ἡσυχίαν
382 1057 593 1140 --πόλεμον
630 1057 778 1122 scribens
815 1057 925 1121 locum
963 1055 1112 1132 sanabat,
1152 1056 1205 1119 cui
1243 1055 1455 1118 coniecturae

224 1162 303 1225 illud
328 1181 460 1244 quoque
485 1163 603 1235 obstat,
626 1165 715 1244 quod
735 1162 944 1244 Thucydides
962 1163 1127 1226 rarissime
1148 1159 1189 1246 (v.
1208 1180 1236 1224 c.
1256 1161 1307 1234 Vl,
1328 1160 1403 1236 104,
1421 1160 1452 1235 3,

225 1269 356 1348 de‘quo
378 1274 490 1332 tamen
513 1269 588 1332 loco
613 1267 654 1332 cl.
676 1269 751 1332 adn.
774 1269 815 1332 ad
835 1269 901 1345 Vll,
926 1269 955 1346 1,
973 1265 1006 1353 2)
1030 1268 1132 1332 verbo
1157 1267 1262 1330 donata
1284 1268 1455 1331 notionem

226 1369 439 1451 arbitrandi,
470 1381 505 1438 ut
535 1394 603 1439 non
631 1376 718 1440 idem
746 1392 785 1438 ac
816 1371 907 1461 (sibi)
937 1371 1050 1439 uideri
1071 1375 1190 1448 valeat,
1216 1373 1338 1438 tribuit.
1390 1372 1456 1438 Sed

225 1483 431 1561 praestiterit,
467 1483 593 1561 opinor,
629 1500 696 1546 una
728 1481 835 1545 littera
867 1487 992 1545 mutata
1016 1481 1106 1544 δοκεῖ
1125 1505 1165 1562 γε
1189 1480 1343 1554 scribere,
1378 1499 1456 1543 cum

225 1588 359 1667 particc.
385 1611 417 1650 τε
440 1594 473 1651 et
496 1613 530 1669 γε
549 1589 740 1668 saepissime
758 1589 844 1651 inter
861 1606 897 1651 se
918 1593 1118 1667 permutatas
1137 1605 1210 1651 esse
1231 1587 1315 1660 satis
1326 1593 1455 1650 constet

228 1690 330 1776 (velut
353 1693 406 1768 65,
432 1695 469 1769 43
496 1693 548 1770 82,
576 1694 595 1757 2
621 1699 653 1757 et
676 1694 711 1768 6;
743 1694 809 1765 Vll,
836 1693 889 1772 28,
916 1692 952 1769 3;
985 1693 1064 1764 Vlll,
1091 1693 1144 1767 91,
1171 1691 1221 1779 3);
1247 1693 1287 1756 de
1317 1693 1456 1756 transitu

227 1799 268 1862 ad
292 1801 518 1863 accusativum
542 1819 618 1864 cum
641 1800 731 1863 inlin.
759 1798 845 1864 lacto
869 1798 910 1864 cl.
937 1801 989 1876 lv,
1017 1799 1047 1874 3,
1075 1799 1095 1863 3
1115 1805 1148 1864 et
1167 1800 1284 1879 llrueg.
1307 1799 1349 1863 ad
1369 1799 1453 1862 Xen.

226 1906 332 1970 Anah.
359 1907 381 1982 1,
407 1907 439 1982 4,
469 1907 519 1970 18.
546 1943 590 1952 -
611 1907 649 1992 ln
673 1906 695 1993 ξ
719 1907 739 1970 3
765 1912 845 1972 extr.
872 1893 1025 1970 scribitur
1046 1913 1110 1976 τοῖς
1133 1907 1163 1969 δ’
1189 1905 1254 1968 ἀντὶ
1275 1912 1331 1969 τοῦ
1359 1906 1455 1968 πλέον

227 2013 306 2094 ἔχειν
328 2014 589 2096 προσκαταλιιιεῖν
611 2014 647 2076 τὰ
672 2015 777 2078 αὑτῶν
801 2015 924 2096 ξυνέβη,
948 2013 1009 2077 sed
1024 2013 1119 2076 Laur.
1145 2011 1231 2082 τοὺς
1255 2012 1284 2075 δ’
1311 2011 1454 2077 exhibet.

227 2119 316 2198 quod
339 2125 375 2182 ut
399 2121 591 2200 exquisitius
615 2121 822 2200 praetulerim
849 2118 901 2206 (cf.
920 2120 987 2192 Vll,
1007 2120 1057 2195 11,
1075 2117 1119 2204 4).
1169 2119 1232 2182 Pro
1256 2119 1329 2198 ipso
1353 2118 1457 2182 verbo

226 2227 486 2307 προσκαταλιιιεῖν
505 2228 592 2291 haud
613 2227 711 2292 dubie
732 2232 885 2307 corrupto
907 2225 961 2312 (cl.
983 2227 1020 2303 ll,
1043 2225 1096 2302 36,
1120 2225 1139 2288 2
1156 2231 1188 2288 et
1202 2222 1301 2310 lexx.)
1318 2223 1457 2288 fortasse

226 2333 516 2412 προσκαταλυτιεῖν,
541 2334 630 2414 quod
654 2353 734 2399 sane
760 2352 922 2414 nusquam
941 2333 1019 2396 alibi
1039 2338 1137 2408 extat,
1160 2331 1369 2395 scribendum
1391 2339 1455 2402 est;

227 2437 328 2500 valet:
356 2435 499 2519 insuper
521 2435 663 2503 loedere
689 2439 741 2525 (cf.
768 2441 821 2517 Vl,
848 2440 901 2514 66,
930 2440 964 2512 1;
990 2463 1086 2502 κατα-
1110 2439 1256 2502 additum
1281 2443 1331 2502 est
1358 2443 1395 2500 ut
1423 2437 1457 2499 in

227 2542 451 2616 καταδουλοῦν,
471 2546 767 2627 καταλυμαίνεσάαι,
790 2544 870 2630 all).
920 2545 984 2609 Cir.
1008 2545 1162 2621 c.80,1:
1188 2545 1456 2627 ἀντιπαραλυιιεῖν.

320 2647 378 2722 63,
404 2648 435 2712 2.
463 2685 505 2694 -
528 2651 749 2733 ἀμυνούμεθα,
777 2655 816 2734 ἢν
840 2653 870 2714 δ’
896 2653 1115 2734 ἀπιστήσαντες
1138 2651 1241 2722 ἄλλοις
1263 2651 1456 2714 ὑπακούσαι·
1534 2715 1541 2726 ‚

226 2777 294 2836 μεν,
327 2756 365 2817 οὗ
397 2755 468 2837 περὶ
499 2762 554 2818 τοῦ
576 2758 821 2839 τιμωρήσασθαί
840 2780 906 2819 τινα
929 2757 1009 2840 κτλ]
1039 2757 1080 2819 ad
1108 2757 1210 2820 verba
1237 2757 1276 2820 οὗ
1303 2757 1375 2839 περὶ
1402 2762 1456 2819 τοῦ

226 2862 470 2943 τιμωρήσασθαί
489 2886 554 2925 τινα
579 2863 787 2926 scholiastes:
813 2864 906 2926 λείπει
930 2864 948 2926 ὁ
972 2863 1061 2945 ἀγὼν
1079 2865 1153 2946 ἡμῖν
1173 2866 1254 2928 ἔσται
1274 2864 1454 2937 adnotavit,

228 2966 443 3030 Heilmannus
475 2968 568 3050 λόγος
600 2971 682 3032 ἔσται
715 2969 889 3049 cogitando
923 2969 1069 3050 suppleri
1094 2971 1213 3042 voluit;
1249 2969 1306 3034 sed
1332 2969 1457 3034 Stahlio

227 3072 310 3135 haec
330 3092 391 3137 nec
412 3075 576 3156 perleges
595 3074 694 3138 ullius
713 3076 843 3156 linguae
862 3094 925 3139 nec
940 3095 998 3156 per
1011 3096 1108 3139 usum
1123 3077 1280 3156 loquendi
1295 3073 1457 3138 Graecum

229 3178 327 3242 licere
350 3180 470 3243 dicenti
495 3179 684 3267 Classenius
708 3180 827 3246 frustra
847 3182 1045 3264 obloquitur.
1096 3182 1240 3247 Stahlius
1259 3184 1337 3246 dum
1357 3199 1456 3246 mem·

228 3285 362 3348 brorum
391 3286 475 3350 inter
505 3305 540 3351 se
572 3289 799 3367 oppositorum
830 3291 1107 3370 aequabilitatem,
1135 3309 1234 3370 quam
1258 3307 1326 3352 non
1350 3288 1457 3351 solum

229 3391 408 3467 sententiis
435 3393 493 3456 sed
518 3394 614 3456 etiarn
639 3395 748 3459 verbis
771 3396 879 3460 inesse
904 3397 983 3472 vult,
1006 3397 1102 3458 nimis
1119 3402 1248 3476 urguet,
1270 3413 1328 3475 pro
1347 3393 1458 3458 verbis

229 3500 267 3579 ἢν
282 3534 324 3542 -
338 3499 575 3582 ὑπακούσωμεν
603 3502 732 3581 scripsit
761 3503 833 3585 ήδη,
861 3504 1080 3584 ἀπιστήσαντες
1105 3501 1164 3585 (d')
1189 3503 1292 3572 ἄλλοις
1314 3502 1457 3563 ὑπακου-

230 3604 365 3685 σόμενοι,
395 3612 431 3668 ut
452 3607 636 3688 πειθόμενοι
660 3616 692 3672 et
715 3609 942 3690 ἀπιστήσαντες,
965 3609 1055 3671 πόλιν
1078 3611 1200 3682 ἕξοντες
1220 3611 1350 3678 ἕκαστος
1373 3608 1457 3670 ἕλευ-

229 3709 330 3791 6έραν
355 3716 386 3773 et
409 3713 512 3782 ἄλλοις
534 3713 790 3796 ὑπακουσόμενοι
813 3715 898 3778 inter
921 3733 956 3778 se
981 3713 1191 3787 referrentur3
1219 3716 1336 3797 quain
1359 3713 1457 3793 scrip-

228 3820 301 3878 tura
323 3816 425 3881 verba
448 3821 486 3881 οὐ
508 3819 656 3900 περὶτοῦ
679 3821 751 3892 κτλ,
772 3839 860 3901 quae
884 3840 950 3901 quo
974 3823 1159 3901 pertineant
1182 3823 1314 3885 minime
1343 3821 1454 3901 liquet,

229 3922 353 3984 nullam
385 3923 638 4002 explicationem
670 3926 802 4002 habent,
839 3945 915 3990 oum
947 3929 1078 3990 interim
1110 3929 1144 3991 in
1173 3929 1294 3992 ultimis
1325 3927 1458 4008 quidem

228 4027 383 4092 membris
407 4029 463 4093 illa
486 4032 703 4111 aequabilitas
727 4034 828 4096 nihilo
853 4035 955 4114 magis
978 4035 1177 4098 restituatur.
1217 4035 1322 4098 Vertit
1345 4051 1385 4097 ea
1403 4033 1457 4096 ille

230 4135 376 4214 quidem:
402 4131 473 4198 ἰιοτι
499 4133 547 4200 ud
572 4134 807 4202 ulciscendum
831 4136 992 4223 aliquem,
1020 4141 1077 4205 sed
1102 4143 1184 4204 haec
1208 4141 1299 4204 notio
1324 4159 1344 4204 a
1367 4157 1456 4219 prae·

229 4242 391 4321 positione
408 4243 485 4339 ¹napi
508 4263 642 4322 prorsus
666 4246 774 4309 aliena
798 4252 856 4322 est,
884 4266 946 4311 nec
970 4248 1148 4328 quicquam
1171 4247 1259 4311 valet
1282 4247 1375 4311 locus
1405 4246 1454 4320 lll,

229 4347 283 4423 45,
310 4348 345 4412 6:
370 4349 441 4431 napi
458 4356 521 4414 τῶν
539 4353 701 4432 μεγίστων,
717 4352 773 4416 ubi
794 4371 834 4417 ex
848 4354 1121 4434 praecedentibus
1135 4354 1349 4418 κινδυνεύουσι
1364 4351 1458 4417 facile

230 4455 408 4536 suppletur.
458 4457 571 4521 Potius
600 4459 702 4522 verba
731 4461 802 4542 περὶ
830 4467 885 4524 τοῦ
917 4468 1072 4542 corrupta
1102 4480 1174 4526 esse
1208 4467 1240 4525 et
1269 4462 1459 4542 περιέσται
