3262 5052
717 336 777 400 101
830 373 841 390 ··

136 511 245 576 tudine
278 513 379 576 etiam
410 512 533 576 locutio
569 514 773 596 παραβαίνειν
804 514 946 598 ἀδίκημα
979 518 1065 598 gigni
1096 518 1201 597 potuit
1234 516 1287 603 (cf.
1319 519 1357 596 V,

139 619 186 695 16,
215 620 249 683 1:
275 618 333 701 τὴν
348 667 355 680 .
370 669 376 681 .
391 619 537 683 κάθοδον
560 621 859 703 παρανομηθεῖσαν;
892 622 923 698 9,
950 621 986 686 5:
1015 623 1051 687 τὰ
1074 624 1236 706 κλέμματα
1252 674 1258 687 .
1274 675 1280 688 .
1295 628 1315 688 ἃ
1331 676 1360 689 ..

20 797 21 800 ¹
136 727 305 809 ἀπατήσας,
329 731 361 790 et
384 725 490 790 Madv.
518 735 602 808 synt.
629 725 652 812 ξ
676 726 719 791 26
739 725 783 811 a),
810 745 932 808 quare
956 727 990 794 fit
1013 736 1048 794 ut
1070 735 1134 794 τῶν
1157 732 1361 816 ἀδικημάτων

20 831 21 856 ³
134 833 336 897 audiendum
367 851 440 896 esse
472 841 594 913 putem.
657 833 752 912 Quod
785 835 932 915 sequitur
963 843 1067 910 τοῦτο,
1104 839 1184 903 mire
1218 837 1361 904 Stahlius

20 933 21 1004 l
136 941 219 1004 idem
242 945 344 1020 atque
367 939 402 1002 τὸ
426 940 458 1011 ἒς
480 939 533 1003 τὸν
555 941 696 1004 θάνατον
714 941 769 1012 τὰς
787 941 904 1014 πολλὰς
924 943 1050 1026 ἀνήκειν
1069 963 1142 1010 esse
1156 945 1254 1022 dixit,
1273 947 1361 1028 quod

134 1047 260 1110 nullum
285 1064 404 1110 sanum
427 1064 562 1110 sensum
585 1047 698 1124 habet;
725 1047 934 1113 scribendum
959 1056 1024 1114 est:
1048 1057 1160 1115 τοῦτο
1184 1053 1204 1116 i.
1225 1071 1253 1117 e.
1277 1050 1361 1118 ίαίία

136 1157 251 1218 tomen
263 1147 442 1237 facinora
464 1151 616 1238 (quorum
636 1171 887 1236 poenitensque
907 1156 947 1221 ad
963 1164 1102 1222 mortem
1116 1157 1359 1247 processerunt)

136 1257 404 1326 committuntur.
443 1260 565 1324 Eadem
589 1261 785 1341 permutatio
809 1262 985 1327 verborum
1007 1271 1098 1328 τοῦτο
1122 1272 1156 1330 et
1177 1272 1271 1330 ταῦτα
1291 1267 1357 1344 VII,

137 1366 186 1442 79,
212 1367 250 1440 5;
285 1366 368 1443 VIII,
402 1367 453 1442 19,
487 1367 503 1430 1
535 1368 709 1433 Invenitur.
758 1368 914 1450 Kruegeri
946 1371 1138 1436 coniectura
1169 1373 1229 1436 κάν
1260 1373 1361 1456 τούτῳ

20 1497 22 1534 ι
136 1493 175 1538 ne
208 1473 383 1538 ohscurior
414 1475 455 1538 sit
487 1492 612 1540 vereor.
639 1511 683 1522 -
706 1473 792 1540 Intra
817 1473 850 1561 (ᾗ
872 1473 905 1561 4)
934 1477 990 1540 uhi
1019 1478 1135 1558 legitur
1162 1481 1195 1542 οί
1218 1481 1247 1543 δ’
1263 1481 1361 1574 Ιάλλαι

20 1611 24 1624 ·
136 1581 290 1663 ξυντυχίαι
303 1581 375 1652 κτλ,
400 1580 468 1644 sive
488 1581 568 1665 ὀργῇ
589 1580 712 1668 (codd.)
733 1582 801 1647 sive
820 1581 1078 1671 ὀργὴν(818111.),
1105 1605 1151 1649 se.
1168 1587 1360 1669 παρέχουσα,

20 1775 21 1778 ¹
136 1686 295 1762 scribitur,
323 1694 417 1751 tenor
436 1689 597 1752 sermonis
617 1689 817 1769 interruptus
837 1696 903 1763 est;
929 1709 1006 1754 cum
1025 1697 1136 1756 autem
1155 1693 1245 1757 notio
1265 1693 1362 1776 ὀργῆς

136 1795 267 1875 propius
301 1793 343 1858 ad
376 1795 529 1860 notiones
560 1795 677 1878 τόλμης
705 1804 736 1859 et
763 1796 942 1870 πλεονεξίας
965 1799 1112 1874 accedat,
1147 1799 1360 1864 illudentem
1400 1851 1402 1856 .

137 1900 306 1984 ἀνήκεστόν
339 1924 365 1962 τι
396 1907 540 1983 κρεῖσσον
564 1901 681 1965 melius
706 1921 781 1966 eum
805 1903 994 1968 notionibus
1018 1905 1160 1989 ἀνάγκης
1182 1911 1214 1970 et
1235 1907 1360 1989 ὕβρεως

137 2008 362 2088 coniungatur,
398 2008 508 2090 ὀργὴν
524 2007 773 2088 praeferendum
804 2027 877 2074 esse
901 2010 1038 2076 videtur.
1087 2012 1198 2077 Verba
1219 2018 1283 2076 τῶν
1305 2013 1359 2075 ἀν-

136 2114 289 2197 θρώπων,
324 2131 409 2195 quae
433 2113 578 2179 Stahlius
611 2115 756 2192 seclusit,
792 2117 872 2180 mire
905 2119 1012 2197 posita
1035 2125 1112 2182 sunt
1135 2119 1191 2184 illa
1214 2120 1357 2200 quidem,

137 2221 192 2285 sed
214 2223 541 2302 interpretamentum
564 2241 633 2286 non
656 2225 797 2303 sapiunt,
824 2229 856 2288 et
879 2225 992 2290 neseio
1014 2243 1057 2290 an
1076 2225 1126 2288 his
1144 2227 1223 2308 ipsis
1242 2225 1359 2290 additis

137 2347 226 2407 pron.
254 2329 368 2412 ἑκάστη
394 2327 522 2393 facilins
545 2331 587 2394 ad
610 2329 664 2393 vb.
691 2332 845 2413 ξονινχίαι
867 2329 1036 2396 referatur.
1057 2369 1101 2378 -—
1121 2333 1158 2397 ln
1175 2331 1236 2419 §5
1261 2333 1359 2410 scrip·

20 2511 21 2516 *
122 2443 239 2512 ¹turam
273 2435 454 2518 ἐπιβουλὴν
481 2454 501 2500 a
530 2437 603 2500 cod.
639 2436 680 2500 M.
716 2437 788 2501 solo
820 2437 1002 2517 praebitam
1034 2455 1102 2502 non
1134 2441 1234 2504 modo
1266 2440 1360 2504 locus

137 2543 157 2614 I,
183 2542 236 2617 93,
263 2541 284 2606 6
309 2543 527 2618 commendat,
564 2543 744 2607 sedetiam
769 2563 797 2608 c.
823 2543 877 2620 45,
906 2545 940 2609 1:
975 2553 1021 2628 τῷ
1042 2546 1289 2630 ἐιιιβοολεύμαα.
1318 2585 1361 2594 -

20 2699 21 2724 ,
137 2649 170 2711 ln
192 2647 215 2733 ξ
240 2647 261 2712 6
285 2648 380 2712 Laur.
416 2649 486 2731 περὶ
517 2655 581 2713 τῶν
612 2651 766 2732 μεγίστων
797 2675 834 2715 τε
865 2652 1011 2732 praehet,
1047 2655 1137 2734 quod
1170 2674 1359 2736 quanquam

137 2757 247 2834 partic.
272 2779 306 2820 τε
326 2755 456 2819 insolite
480 2756 643 2820 collocata
666 2764 716 2820 est
738 2760 907 2838 aspernari
930 2761 985 2824 vix
1009 2760 1093 2836 lieet,
1120 2759 1357 2838 cf.1V‚80,1;

137 2863 214 2939 VIII,
241 2862 295 2936 90,
322 2860 353 2926 5.
1316 2867 1318 2872 '

224 2969 284 3048 46,
308 2967 339 3032 2.
374 2971 414 3052 ἢν
441 2993 485 3040 τις
512 2971 566 3033 καὶ
593 2971 753 3035 ἀποστᾶσα
776 2972 866 3043 πόλις
889 2981 957 3055 γνῷ
978 2973 1022 3056 μὴ
1046 2974 1268 3058 περιεσομένη]
1293 2975 1358 3039 edi·

136 3084 221 3142 tores
244 3078 279 3140 in
302 3076 415 3156 partic.
440 3077 516 3150 καί,
540 3096 639 3158 quam
664 3079 759 3142 codd.
782 3079 914 3160 qnidam
938 3080 1100 3160 pessimae
1125 3087 1223 3146 notae
1242 3081 1358 3146 omise-

136 3193 218 3257 runt,
241 3182 437 3263 explicanda
450 3183 598 3248 haerent.
639 3183 782 3249 Statilius
797 3181 902 3249 etiam
910 3189 994 3268 post
1007 3179 1237 3269 dffecticoem
1250 3191 1357 3266 vertit,

137 3290 225 3354 nullo
263 3307 345 3352 sano
383 3307 498 3366 sensu;
541 3289 725 3371 Kruegerus
757 3291 810 3354 καί
842 3291 882 3354 ad
916 3293 956 3374 ἦν
987 3291 1120 3366 rettulit,
1160 3293 1270 3357 locum
1304 3295 1356 3372 IV,

136 3396 186 3472 99,
213 3396 233 3460 2
263 3394 447 3471 contareno,
482 3396 538 3460 ubi
563 3399 591 3460 εί
611 3397 664 3460 καί
688 3393 825 3462 edomet
846 3397 944 3473 valet,
980 3416 1065 3480 quae
1088 3400 1281 3481 significatio
1305 3401 1358 3466 hic

136 3504 266 3568 minime
290 3509 366 3584 apta
390 3509 449 3566 est.
498 3503 613 3568 Melius
638 3503 826 3568 Classenius
849 3503 1095 3586 iuterpretatur:
1132 3507 1236 3572 «auch
1260 3525 1358 3570 wenn

137 3609 191 3674 der
205 3608 311 3674 Ablall
337 3609 521 3691 geschehen
547 3608 650 3693 (nicht
673 3609 762 3674 blcss
785 3609 1014 3698 beabsichtigt)
1035 3613 1116 3685 ἰείη
1142 3631 1260 3692 nempe
1278 3612 1359 3676 illud

137 3717 293 3794 particula
316 3715 486 3796 significat,
522 3714 739 3781 defectionem
763 3734 804 3780 re
827 3735 913 3783 uero
938 3719 1084 3784 allectam
1110 3739 1195 3796 esse,
1230 3720 1359 3785 etiamsi

20 3879 21 3888 ,
137 3821 248 3886 civitas
272 3841 307 3887 se
331 3823 533 3903 superiorem
557 3841 625 3888 non
648 3822 717 3888 fore
740 3825 907 3904 suspicata
931 3827 986 3900 sit;
1017 3824 1057 3890 cf.
1084 3828 1126 3890 ad
1150 3826 1217 3901 Vll,
1244 3826 1297 3900 23,
1324 3826 1356 3890 2.

137 3963 175 3972 -
190 3929 226 3992 ln
241 3927 299 4014 §5
319 3929 397 3992 nihil
422 3936 471 3992 est
494 3948 554 3992 cur
577 3930 737 4010 scriptura
751 3930 846 3994 Laur.
867 3933 1044 3998 retractior
1065 3929 1175 4016 (codd.
1192 3932 1230 3996 A.
1249 3933 1284 3996 Β.
1303 3933 1356 3996 R:

136 4033 286 4121 τάναντία)
311 4035 508 4115 repudietur,
535 4033 576 4099 ci.
603 4055 632 4100 e.
658 4034 712 4112 58,
738 4037 770 4100 4.

223 4141 284 4221 49,
319 4142 348 4204 1.
383 4142 544 4224 ρηάεισῶν
574 4142 608 4206 δὲ
635 4148 699 4206 τῶν
722 4149 861 4226 γνωμῶν
884 4148 1005 4210 τούτων
1026 4144 1159 4228 μάλιστα
1182 4146 1359 4210 ἀντιπάλων

135 4247 212 4328 πρὸς
234 4247 385 4332 ἀλλήλας]
409 4248 537 4312 Vallam
564 4249 681 4314 melius
709 4246 800 4313 inter
822 4269 859 4315 sc
883 4249 1040 4318 maxime
1064 4247 1267 4318 contrariae
1288 4269 1358 4316 ver-

136 4354 211 4420 tisse
243 4361 323 4436 puto
356 4373 455 4436 quam
478 4358 688 4433 recentiores,
724 4357 779 4438 qui
812 4359 989 4424 ἀνταιάλοιν
1013 4357 1222 4440 aequalium,
1257 4355 1361 4442 aequi

130 4459 299 4540 ponderis
322 4461 432 4528 valere
456 4469 613 4527 statuunt.
653 4465 735 4528 Nam
760 4465 848 4546 quod
863 4466 1072 4548 Thucydides
1096 4465 1228 4546 saepius
1251 4465 1358 4530 adiec-

136 4569 233 4633 tirum
266 4572 329 4634 hac
360 4569 492 4634 insolita
524 4569 759 4652 significatione
792 4573 912 4652 posuit,
948 4589 1013 4636 non
1047 4569 1124 4638 ideo
1148 4571 1360 4638 usitatissima
