3262 5052
747 341 808 406 137

164 521 267 600 gulari
293 519 390 602 (πρὸς
412 525 489 588 τοῖς
512 519 678 600 ὅρκοις-
694 520 825 601 λάβοιτε,
849 537 917 582 non
940 519 1031 601 λάβοι
1053 518 1108 602 τις)
1133 519 1173 582 ad
1198 519 1393 582 sententiam

162 628 354 691 universam
388 624 497 706 (εἷπον,
532 621 714 709 dixerunt)
742 624 830 688 facta
857 625 995 690 accedit.
1045 625 1203 705 Suspicor
1234 625 1393 707 partiat

161 733 337 798 delendam
366 750 451 807 esse,
487 749 554 812 quo
588 729 674 796 tacto
703 733 910 796 enuntiatum
937 731 1110 796 relativum
1133 731 1164 794 vi
1189 729 1313 794 causali
1337 730 1391 794 ha·

162 841 279 904 hernus
305 836 361 921 (ot.
384 837 487 902 Stahl.
514 838 555 902 ad
580 857 609 901 o.
631 837 685 912 26,
711 834 761 922 4):
789 832 970 920 atquibus
994 834 1146 902 actiones
1172 833 1288 922 (meae)
1315 853 1392 900 cam

162 941 278 1010 uerbis
312 945 543 1026 comparatae
575 942 773 1008 necessario
794 939 921 1032 <fldem
948 937 1111 1026 faciant,
1152 960 1193 1008 ea
1231 959 1271 1006 re
1309 959 1394 1008 uera

164 1049 261 1118 antia
286 1069 364 1116 esse
387 1069 477 1134 qaae
496 1047 660 1115 dixerim.
700 1049 950 1130 comparativus
973 1052 1073 1132 μείζω
1094 1067 1196 1114 causa
1214 1049 1394 1130 particulae

163 1158 337 1223 addendae
362 1155 464 1222 fuisse
487 1159 625 1223 videtur.
652 1195 696 1204 -
719 1156 742 1243 ξ
765 1159 795 1220 4.
830 1157 869 1220 οὐ
899 1155 959 1238 γὰρ
988 1156 1027 1238 δὴ
1056 1157 1186 1228 εἰκότως
1214 1157 1285 1237 γ’ἂν
1307 1155 1395 1220 τάδε

160 1263 415 1347 πράσσοιμεν]
452 1263 594 1329 editores
626 1264 844 1328 recentissimi
876 1263 1100 1328 coniecturam
1130 1262 1285 1328 Dohreei:
1323 1262 1392 1326 τάδ’

161 1372 363 1452 εἀράσσομεν
385 1375 595 1448 receperunt;
622 1371 681 1434 sed
705 1368 819 1434 dubito
842 1388 886 1434 au
909 1387 977 1433 non
1002 1369 1190 1434 necessaria
1213 1369 1264 1432 sit.
1314 1366 1393 1434 Sen-

161 1479 265 1540 tentia
289 1477 472 1556 scripturae
495 1477 647 1557 vulgatae
670 1477 754 1542 haeo
786 1483 850 1540 est:
886 1470 1017 1559 alioqui
1045 1473 1077 1560 (i.
1104 1493 1133 1540 e.
1160 1477 1188 1538 si
1210 1475 1285 1540 illae
1309 1475 1394 1542 duae

161 1584 308 1665 ἀνάγκαι,
333 1601 455 1648 causae
479 1584 697 1657 necessariae,
724 1601 792 1646 non
815 1581 958 1667 valeant)
983 1581 1066 1646 haec
1090 1581 1181 1646 nullo
1204 1583 1274 1646 iure
1296 1579 1392 1646 facia·

162 1708 247 1765 mus,
274 1690 296 1752 i.
314 1708 344 1753 e.
363 1685 451 1754 haec
474 1707 564 1772 qaae
577 1683 740 1773 sacimas
765 1685 894 1754 iniusto
914 1685 998 1765 siat;
1025 1689 1189 1769 optativus
1208 1687 1395 1768 potentialis

163 1796 313 1859 similiter
337 1795 420 1860 Xen.
448 1794 566 1877 Cyrop.
593 1794 674 1870 Vlll,
701 1794 732 1869 2,
759 1793 799 1858 21
825 1795 951 1874 positus
976 1801 1034 1860 est.

256 1901 318 1979 92,
342 1902 374 1964 4.
406 1902 608 1984 παράδειγμα
633 1901 667 1964 δὲ
690 1903 804 1983 ἔχομεν
828 1937 869 1946 --
893 1907 947 1984 τῆς
970 1901 1065 1984 ἄλλης
1084 1899 1233 1971 Ἑλλάδος
1255 1899 1290 1962 τὸ
1312 1897 1393 1962 πολὺ

166 2009 213 2078 ὡς
243 2010 350 2079 αὐτοῖς
382 2007 548 2092 διάκειται]
579 2007 681 2072 verba
713 2007 760 2078 ὡς
792 2008 896 2078 αὐτοῖς
928 2008 1076 2072 διάκειται
1109 2025 1176 2071 non
1208 2007 1250 2071 de
1282 2006 1393 2070 animo

166 2133 242 2195 erga
275 2115 495 2179 Athenienses
532 2113 733 2194 reliquorum
767 2112 983 2188 Graecorum,
1023 2113 1080 2178 sed
1119 2113 1160 2176 de
1175 2139 1179 2148 ⁴
1197 2112 1393 2176 condicione

169 2222 333 2304 (διάθεσις)
355 2215 469 2286 eorum
489 2221 578 2284 dicta
596 2239 680 2295 esse,
704 2220 867 2284 sententia
885 2221 986 2284 totius
1005 2219 1068 2284 loci
1089 2219 1186 2284 docet
1208 2215 1261 2303 (cl.
1279 2217 1390 2282 adnot.

169 2326 312 2412 Stahlii);
348 2328 406 2392 sed
440 2346 516 2392 cum
548 2329 652 2396 αὐτοῖς
684 2326 725 2390 de
758 2327 876 2390 ceteris
901 2325 1035 2392 Graecis
1067 2325 1267 2390 intellectum
1296 2323 1393 2404 plane

168 2441 271 2506 vacet,
303 2434 368 2498 alia
395 2434 582 2513 explicandi
609 2433 692 2497 ratio
722 2433 912 2512 quaerenda
935 2439 995 2497 est.
1027 2413 1111 2498 ⁸lam
1135 2449 1214 2496 vero
1239 2449 1315 2495 cum
1338 2449 1390 2494 vv.

168 2541 273 2612 αὐτοῖς
297 2541 446 2604 διάκειται
468 2541 554 2604 idem
580 2546 678 2619 atque
701 2540 755 2602 ὑπ’
782 2539 887 2602 αὐτῶν
912 2536 944 2624 (i.
972 2557 1001 2604 e.
1026 2544 1090 2604 τῶν
1108 2536 1300 2625 Ἀθηναίων)
1326 2537 1392 2602 δια-

166 2648 296 2710 τέθειται
320 2647 374 2710 vix
396 2646 506 2711 valere
530 2647 667 2726 possint,
693 2646 798 2716 αὐτοῖς
821 2663 879 2724 pro
904 2647 1014 2712 dativo
1039 2641 1216 2711 commodi
1238 2645 1293 2726 qui
1316 2644 1392 2708 dioi-

167 2761 218 2816 tur
240 2752 431 2817 habendum
455 2759 515 2829 est,
541 2759 577 2815 ut
601 2753 649 2816 sic
672 2749 739 2816 fere
759 2757 918 2816 vertatur:
945 2772 1016 2838 qna
1031 2771 1088 2818 eos
1104 2748 1306 2817 condicione
1320 2767 1394 2814 esse

166 2855 286 2924 sinant
309 2856 564 2943 (Athenienses).
617 2857 777 2943 [Gertzius
811 2857 892 2941 (ὑπ’)
922 2861 1027 2930 αὐτοῖς
1059 2857 1205 2943 conicit]
1232 2893 1275 2904 -
1298 2855 1393 2935 Quod

167 2963 250 3029 infra
273 2963 343 3050 (§5
362 2962 422 3050 iu.)
448 2965 614 3030 scribitur:
639 2967 779 3050 τοσαύτῳ
803 2965 1074 3047 marcomani
1097 2966 1213 3046 ἑτέρων
1234 2962 1290 3045 τὴν
1311 2985 1393 3044 παρ-

167 3073 287 3154 οίκησιν
317 3070 414 3134 τῶνδ’
448 3073 571 3154 ἔχομεν,
613 3073 731 3137 mirum
763 3075 796 3136 in
830 3072 965 3136 modum
1002 3072 1144 3136 editores
1181 3069 1393 3134 scholiastam

167 3178 271 3241 secuti
303 3178 491 3257 genetivum
524 3179 662 3261 ἑτέρων
694 3179 780 3245 idem
814 3185 912 3259 atque
936 3182 956 3261 ἢ
979 3177 1035 3260 τὴν
1057 3178 1173 3259 ἑτέρων
1195 3176 1305 3240 valere
1329 3179 1392 3238 sta·

166 3289 277 3355 tuunt;
313 3283 360 3346 eis
393 3284 490 3359 enim,
526 3304 611 3365 quae
644 3287 791 3365 proxime
823 3284 1023 3350 antecedunt
1052 3283 1127 3367 (τοῖς
1153 3283 1212 3366 μὲν
1239 3281 1342 3351 ἄλλοις
1364 3281 1396 3344 ot

165 3389 382 3472 πλησιόχωροι
405 3427 448 3436 —
470 3393 546 3474 ἡμῖν
569 3392 604 3455 δὲ
626 3393 713 3476 κτλ),
746 3395 866 3457 diserte
899 3392 1027 3467 dicitur,
1062 3387 1283 3454 vicinitatibus
1311 3405 1394 3468 quas

166 3498 266 3560 ceteri
300 3496 413 3576 populi
443 3497 587 3562 habeant
610 3499 877 3577 periculosiorem
903 3498 1046 3564 Boeotos
1070 3497 1202 3570 habere,
1237 3501 1273 3558 ut
1305 3493 1395 3558 nulla

166 3603 382 3676 vicinitatum,
414 3621 497 3682 quas
520 3601 636 3668 Boeoti
663 3606 725 3684 ipsi
748 3607 902 3680 habeant,
932 3607 1017 3671 inter
1040 3623 1075 3668 se
1100 3601 1303 3682 comparatio
1326 3599 1392 3664 fiat.

166 3709 279 3789 ltaque
313 3709 494 3788 simplicius
526 3711 642 3790 ἑτέρων
668 3730 728 3790 pro
751 3715 771 3794 ἢ
795 3714 893 3792 ἕτεροι
920 3713 1063 3792 positum
1087 3728 1160 3776 esse
1185 3708 1395 3772 statuendum

166 3821 225 3878 est.
248 3851 292 3860 -
312 3813 416 3878 Paulo
440 3813 524 3878 inira
547 3813 667 3879 frustra
689 3818 791 3883 verba
813 3815 911 3898 ἧσσον
934 3819 1067 3901 ἑτοίμως
1089 3816 1229 3897 κατέχειν
1252 3814 1394 3878 editores

166 3918 356 3986 defendunt.
405 3917 485 3984 lusit
516 3939 596 3986 sane
628 3923 730 3988 verbo
762 3924 903 4004 κατέχειν
934 3919 1131 3988 sustinendi
1157 3923 1259 3996 notia,
1294 3937 1394 4001 quam

166 4034 254 4090 cette
288 4025 382 4088 locus
406 4025 473 4102 Vll,
499 4026 553 4102 66,
584 4027 604 4090 2
633 4035 788 4111 (ναυτικῷ
813 4029 914 4092 πάντα
942 4036 1116 4111 κατασχεῖν,
1149 4023 1313 4102 obtinere,
1350 4023 1392 4091 cf.

166 4132 196 4195 h.
215 4133 254 4195 l.:
280 4131 336 4212 τὴν
352 4137 431 4214 γῆν.
447 4135 635 4214 anatalon)
655 4135 788 4200 minime
807 4140 930 4209 tuetur;
956 4135 1114 4200 adverbio
1133 4135 1266 4217 ἑτοίμως
1283 4140 1395 4197 tamen

166 4238 340 4315 indicatur,
366 4237 503 4302 verbum
522 4239 654 4320 aliquod
674 4241 808 4306 notione
830 4237 1035 4319 inuadendi,
1062 4235 1291 4325 appapaaadi
1303 4255 1394 4318 prae·

166 4343 269 4407 ditum
299 4343 456 4424 scriptum
484 4343 594 4419 inisse,
625 4352 661 4409 ut
688 4347 841 4412 Reiskius
864 4349 1108 4432 κατατρέχειν
1133 4343 1186 4432 (ct.
1212 4345 1249 4420 ll,
1276 4345 1329 4418 94,
1356 4343 1392 4417 3;

168 4448 248 4525 Vlll,
275 4449 330 4525 92,
355 4449 391 4526 3;
418 4450 471 4527 99,
501 4448 531 4536 1)
565 4453 735 4518 coniciens
767 4469 880 4517 verum
908 4455 961 4517 vel
985 4460 1074 4520 certe
1101 4453 1171 4518 veri
1194 4451 1396 4516 simillimum

166 4556 333 4621 invenisse
365 4556 528 4633 videatur;
564 4575 640 4622 nam
673 4558 749 4622 loco
782 4559 806 4635 l,
841 4555 914 4634 103,
947 4560 979 4633 4,
1014 4559 1071 4624 ubi
1104 4558 1232 4624 dativus
1263 4557 1396 4642 πολέμῳ
