3262 5052
846 333 909 396 140

356 509 438 583 103,
462 511 494 573 4.
520 501 636 573 -’ἕπὶ
661 509 717 592 τὴν
745 511 886 592 γέφυραν
917 515 972 574 τοῦ
1004 515 1158 592 ποταμοῦ.
1182 509 1290 591 ἀπέχει
1314 509 1348 573 δὲ
1370 509 1406 572 τὸ
1429 510 1493 573 πό-

261 619 354 700 λισμα
387 617 482 680 πλέον
512 623 567 699 τῆς
599 617 785 698 διαβάσεως,
817 616 871 679 καὶ
901 617 940 680 οὗ
967 616 1097 682 καθεῖτο
1119 617 1201 698 τείχη
1230 615 1311 700 κτλ]
1344 615 1495 681 Stahlius

262 724 371 789 vertit:
410 723 543 787 «aberat
571 727 680 786 autem
709 723 864 804 oppidum
889 719 1117 808 (Amphipolis)
1147 723 1275 804 longius
1302 741 1324 786 a
1350 724 1496 790 transitu

262 831 281 892 i.
304 823 336 894 e.
364 830 451 894 haud
484 831 530 893 ita
561 829 669 893 brevis
702 835 771 894 erat
803 829 995 907 distantiam
1030 830 1086 896 sed
1116 830 1178 894 hac
1201 849 1236 894 re
1261 829 1352 894 nulla
1375 847 1492 906 eausa,

263 956 322 1001 cur
336 937 489 1000 Brasidns
514 937 699 1000 custodiam
721 937 831 1016 pontis
855 933 950 1001 facile
974 936 1181 1016 oppresserit,
1207 937 1368 1000 contineri
1392 954 1496 1016 posse

262 1044 400 1119 videtur,
431 1044 464 1106 id
493 1043 581 1123 quod
607 1041 711 1106 Closs.
737 1043 805 1107 vult
835 1041 1013 1127 (cleliam
1041 1060 1081 1106 ea
1109 1061 1194 1123 quae
1218 1041 1425 1126 sequuntur),
1458 1048 1497 1106 et

263 1151 353 1213 notio
383 1149 597 1228 comparativi
625 1145 711 1212 satis
738 1145 840 1231 lonpe
862 1149 1030 1216 locutmne
1053 1151 1089 1214 ἐκ
1112 1149 1262 1222 πλείονος,
1291 1167 1390 1230 quam
1414 1147 1494 1213 alie-

139 1302 142 1310 .
263 1261 339 1319 runt
373 1251 425 1338 (cl.
461 1255 560 1334 paulo
594 1274 694 1335 supra
725 1262 756 1320 et
784 1255 865 1330 VIII,
897 1254 963 1341 88),
995 1259 1114 1336 'parum
1146 1253 1339 1320 defenditur.
1388 1254 1496 1320 Aliter

263 1363 374 1426 locum
405 1361 564 1426 intellexit
587 1361 775 1438 Arnoldius,
811 1363 867 1442 qui
899 1363 1085 1442 genetivum
1117 1369 1172 1444 τῆς
1204 1362 1381 1444 διαβάσεως
1413 1379 1495 1424 cum

262 1469 358 1531 πλέον
377 1468 559 1547 coniungit;
585 1469 643 1532 sed
658 1467 880 1547 AmphipoIIm
895 1467 1041 1548 longiore
1055 1468 1227 1532 intervallo
1243 1487 1342 1550 quam
1356 1475 1495 1548 pontem

264 1574 306 1638 ab
321 1573 431 1654 Argilo
456 1573 575 1653 oppido
599 1574 721 1638 distare
744 1574 809 1637 dIci
833 1574 967 1638 minime
986 1591 1123 1638 necesse
1138 1579 1217 1637 erat.
1258 1575 1380 1640 Verum
1396 1575 1495 1638 scho-

264 1681 386 1755 IIastes,
413 1697 510 1760 quem
535 1698 651 1744 omnes
674 1680 783 1744 adhuc
805 1680 947 1744 editores
966 1681 1071 1744 secuti
1090 1686 1177 1758 sunt,
1204 1699 1332 1746 errasse
1349 1681 1492 1757 videtur,

264 1805 340 1850 cum
372 1785 407 1849 τὸ
438 1785 575 1868 πόλισμα
605 1786 646 1849 de
669 1785 856 1866 Amphipoli
888 1785 968 1850 urbe
1002 1785 1125 1849 dictum
1158 1805 1231 1852 esse
1264 1792 1366 1866 putat,
1402 1787 1495 1867 quod

265 1893 463 1957 vocabulum
481 1891 695 1974 Thucydides
728 1911 858 1973 semper
884 1891 926 1955 de
954 1892 1083 1972 oppidis
1113 1893 1295 1957 minoribus
1318 1893 1410 1972 ponit
1436 1890 1492 1978 (cf.

264 1997 423 2084 Betant.);
458 1999 559 2062 immo
588 1999 629 2062 de
653 1998 763 2079 Argilo
795 2000 868 2079 ipsa
900 1999 1016 2078 agitur,
1052 1999 1140 2079 quod
1164 1999 1320 2079 oppidum
1343 1999 1495 2080 longmre

264 2107 370 2186 spatio
399 2124 498 2186 quam
526 2112 660 2185 pontem
684 2104 726 2169 ab
750 2105 938 2185 Amphipoli
961 2105 1082 2168 distare
1106 2105 1180 2169 ideo
1204 2105 1412 2187 Thucydides
1436 2106 1495 2170 ad-

264 2213 398 2288 notavit,
425 2217 462 2275 ut
483 2212 545 2276 iter
564 2211 720 2275 Brasidae
743 2213 820 2276 iude
839 2211 880 2276 ad
899 2211 1072 2274 transitum
1091 2211 1234 2275 fluminis
1253 2209 1376 2276 iactum
1394 2231 1495 2276 accu-

263 2319 366 2381 ratius
390 2317 578 2397 explicaret.
623 2318 736 2398 Itaque
760 2319 808 2382 sle
832 2319 940 2398 potius
964 2318 1229 2398 distinguendum
1253 2324 1318 2382 est:
1343 2318 1398 2401 τὴν
1422 2321 1495 2401 νέῳ.

262 2430 317 2486 τοῦ
340 2430 486 2506 ποταμοῦ
512 2423 631 2506 (ἀπέχει
655 2461 697 2470 -
722 2423 926 2508 διαβάσεωςλ·
950 2423 1004 2486 καὶ
1026 2424 1089 2487 κτλ.

357 2528 440 2608 104,
464 2530 495 2593 3.
534 2535 591 2593 νῦν
619 2531 654 2594 δὲ
681 2531 699 2594 ὁ
726 2532 785 2613 μὲν
812 2531 943 2614 ἱδρύσας
968 2529 1022 2594 τὸν
1049 2529 1179 2612 στρατὸν
1202 2530 1252 2593 ἐπὶ
1273 2530 1310 2593 τὰ
1334 2532 1397 2604 ἔξω
1420 2531 1495 2595 ἐπέ-

264 2634 366 2716 δραμε
399 2635 453 2698 καὶ
484 2636 531 2706 ὡς
563 2637 657 2700 οὐδὲν
688 2637 776 2718 αὐτῷ
807 2635 890 2718 κτλ]
918 2637 952 2700 in
981 2637 1076 2700 Laur.
1107 2655 1225 2700 manus
1254 2637 1358 2717 prima
1384 2637 1435 2700 ἐπὶ
1458 2639 1495 2702 in

263 2741 340 2803 ἐπεὶ
363 2743 505 2806 correxit
527 2746 560 2805 et
583 2743 696 2821 partic.
723 2743 770 2812 ὡς
792 2743 879 2806 sicut
901 2743 935 2805 ln
953 2749 1030 2806 cett.
1052 2743 1148 2806 codd.
1171 2743 1360 2808 melioribus
1375 2744 1495 2807 omitti·
1624 2813 1625 2835 χ

263 2853 316 2909 tur
341 2843 427 2930 (add.
454 2867 497 2910 m.
524 2845 619 2931 sec),
646 2866 730 2927 quae
759 2849 922 2927 scriptura
949 2849 1036 2912 haud
1065 2849 1163 2913 dubie
1196 2850 1398 2914 restituenda
1429 2857 1492 2928 est,

264 2971 341 3016 cum
370 2953 451 3018 mire
479 2953 643 3029 Brasidas,
676 2953 795 3034 quini
822 2955 886 3026 ἔξω
909 2955 975 3017 iam
998 2953 1132 3018 tenebat
1157 2953 1211 3039 (cf.
1238 2974 1267 3019 c.
1296 2955 1359 3020 103
1383 2955 1493 3043 extr),

264 3059 324 3121 ἐπὶ
352 3059 389 3121 ιὰ
419 3061 482 3132 ἔξω
513 3059 695 3142 ἐπιδραμεῖν
723 3060 865 3130 dicatum
902 3058 959 3124 cfr.
993 3060 1029 3136 V,
1060 3059 1114 3136 39,
1148 3062 1164 3125 1
1193 3067 1227 3126 et
1253 3062 1340 3142 apud
1370 3062 1492 3128 Herod.
1623 3109 1624 3169 χ

264 3165 431 3248 ἐπιτρέχειν
452 3167 573 3249 χώρην.

360 3271 444 3350 106,
471 3273 499 3334 1.
538 3272 592 3336 καὶ
614 3271 649 3335 τὸ
672 3275 821 3356 κήρυγμα
844 3272 926 3355 πρὸς
947 3272 1001 3336 τὸν
1023 3274 1128 3357 φόβον
1147 3274 1269 3338 δίκαιον
1288 3273 1364 3338 εἶναι
1382 3275 1495 3358 ἐλάμ-

263 3377 400 3460 βανον]
424 3378 472 3441 sio
496 3379 650 3444 scribitur
671 3380 706 3443 in
730 3381 882 3445 omnihus
905 3381 1002 3444 bonis
1025 3381 1121 3445 codd.
1148 3387 1277 3460 praeter
1299 3381 1341 3444 M.
1372 3381 1493 3459 solum,

265 3483 321 3564 qui
350 3501 425 3546 cum
454 3485 645 3564 deterrimis,
676 3492 712 3552 ut
739 3487 881 3567 saepius,
907 3487 1119 3552 consentiens
1142 3487 1378 3570 ὑπελάμβανον
1401 3507 1494 3568 prae-

264 3590 330 3666 bet,
358 3608 457 3671 quam
481 3592 674 3672 scripturam
699 3593 785 3659 male
809 3593 952 3658 Stahlius
977 3591 1022 3678 (in
1046 3593 1097 3657 ed.
1119 3590 1189 3677 alt.)
1209 3599 1328 3658 tuetur.
1376 3593 1496 3659 Nullus

265 3714 355 3772 sane,
391 3702 551 3777 quantum
575 3699 655 3775 scic,
691 3699 785 3763 locus
809 3706 907 3774 extat,
938 3699 995 3764 uhi
1021 3699 1111 3762 infin.
1142 3698 1219 3763 εἶναι
1250 3697 1358 3784 [quem
1382 3700 1492 3765 Herw.

265 3801 442 3887 suspectat]
479 3804 542 3868 hoo
576 3805 675 3869 modo
708 3805 897 3885 praedicato
925 3805 1017 3870 verbi
1044 3806 1214 3888 λαμβάνειν
1241 3806 1375 3872 notione
1404 3805 1494 3872 acci·
1621 3779 1622 3835 l

258 3903 393 3990 piendi,
413 3905 569 3990 putandi
590 3911 688 3989 positi
712 3911 841 3976 additus
866 3912 921 3984 sit;
947 3912 1005 3976 sed
1029 3918 1061 3976 et
1084 3911 1294 3978 slmilitudine
1318 3912 1496 3978 verborum

265 4014 439 4096 ὀνομάζειν,
471 4018 718 4100 προσαγορεύειν
752 4015 805 4102 (cl.
841 4018 959 4099 Krueg.
994 4036 1130 4099 gramm.
1165 4017 1188 4103 ξ
1215 4017 1270 4095 55,
1300 4019 1322 4082 4
1349 4019 1426 4083 adn.
1460 4019 1494 4105 ὁ)

267 4118 452 4185 defenditur
484 4129 516 4186 et
548 4123 684 4188 verbum
718 4131 878 4205 cognatae
910 4124 1054 4190 notionis
1086 4121 1268 4208 (ροηοιιάί,
1302 4123 1496 4208 statuendi)
1620 4139 1621 4169 ν

266 4227 385 4290 τιθέναι
408 4227 568 4294 infinitivo
592 4229 668 4294 εἶναι
687 4230 798 4295 addito
817 4231 870 4296 vel
889 4231 1012 4296 omisso
1031 4232 1163 4312 ponitur
1183 4228 1362 4316 (Demosth.
1379 4231 1493 4310 XVIII,

268 4332 342 4409 180,
369 4331 410 4396 cf.
437 4334 518 4399 Plat.
545 4334 665 4418 Cratyl.
695 4335 761 4400 435
789 4335 835 4423 b).
884 4337 1050 4402 Facillime
1083 4344 1174 4402 onus
1207 4344 1415 4404 correcturae
1447 4339 1494 4404 in-

265 4439 437 4520 tellegitur.
487 4440 641 4508 Ceterum
674 4444 787 4510 nescio
821 4463 864 4510 an
896 4444 1013 4509 melius
1046 4461 1146 4524 supra
1177 4445 1211 4508 in
1239 4444 1312 4510 cod.
1340 4444 1408 4508 Pal.
1441 4448 1497 4511 aci

264 4551 328 4608 τῶν
355 4548 419 4620 ἔξω
446 4548 635 4630 ληφθέντων
662 4557 813 4632 συχνοῖς
842 4550 930 4636 (cett.
964 4549 1019 4637 οἱ)
1045 4552 1152 4614 οἰκεῖοι
1174 4551 1267 4614 ἔνδον
1289 4549 1371 4633 ἦσαν
1393 4551 1494 4632 scrip·
