3262 5052
709 218 771 282 143

125 397 176 459 ἐπὶ
199 398 323 479 δουλείᾳ
346 397 410 460 κτλ.
435 378 590 477 scriptum
619 397 675 471 sit;
706 415 783 460 nam
812 415 887 460 cum
911 396 986 460 οὐδὲ
1010 397 1124 476 partic.
1151 401 1184 461 et
1207 413 1355 475 praeces·

124 505 204 566 serit
228 511 259 566 et
282 511 451 584 sequatur,
478 501 574 568 facile
598 503 698 568 errari
722 503 837 583 potuit.

219 609 302 684 115,
329 611 345 673 1
384 611 476 673 baur.
512 609 647 689 praebet
673 609 840 692 ἠμύνοντο,
874 627 959 689 quae
977 609 1150 689 scriptura
1176 614 1212 672 ut
1239 609 1355 688 imper-

123 713 211 780 fecto
236 717 368 780 ἐποιεῖτο
388 717 475 797 quod
496 716 674 796 praecessit
693 715 940 780 convenientior
960 715 1162 779 restituenda
1180 721 1245 787 est;
1271 722 1355 778 cete·

27 863 29 903 ,
121 841 197 886 rum
222 823 336 886 dubito
362 841 404 886 an
428 824 468 886 ἔκ
490 847 526 885 τε
550 821 758 886 scribendum
788 823 839 899 sit,
872 840 947 885 cum
975 823 1083 902 aptius
1112 829 1186 902 post
1214 822 1357 904 ἐχουσῶν

120 931 253 1010 gravius
291 930 518 1010 distinguatur.
568 927 615 994 Cf.
650 936 762 994 tamen
800 930 837 1005 V,
876 929 927 1006 10,
964 930 1000 994 9:
1034 929 1088 994 τόν
1119 953 1156 993 τε
1178 927 1357 1010 Κλεορίόαν

121 1038 302 1119 ἠμύνοντο
328 1073 368 1084 -
393 1037 447 1100 καὶ
470 1037 508 1100 οὐ
530 1037 684 1118 πρότερον
706 1036 877 1100 ἐνέδοσαν
899 1036 962 1100 κτλ.
992 1073 1033 1080 -
1063 1036 1099 1098 In
1122 1034 1145 1120 ξ
1169 1035 1189 1100 2
1218 1033 1357 1100 fortasse

26 1164 27 1177 ¹
121 1143 391 1226 ἀντ(αν)έοτησαν
414 1143 624 1208 scribendum
647 1149 712 1218 est;
739 1140 795 1206 cfr.
821 1142 858 1218 ΙΙ,
887 1141 939 1218 75,
966 1142 1002 1206 6:
1029 1143 1208 1208 ἀντανιέναι.

220 1249 302 1327 118,
327 1249 348 1312 3
372 1255 448 1313 ante
469 1249 572 1336 verba
594 1255 649 1312 τοῦ
672 1249 752 1312 θεοῦ
776 1267 794 1313 e
819 1249 914 1312 baur.
941 1249 1033 1314 artic.
1061 1255 1135 1313 τῶν
1162 1248 1356 1314 scribendus

121 1363 184 1430 est,
221 1357 278 1437 qui
311 1363 384 1436 post
418 1380 496 1420 -ιων
528 1354 681 1420 facillime
713 1355 863 1420 excidere
898 1361 1035 1436 poterat.
1085 1356 1121 1419 ln
1154 1355 1270 1420 eodem
1303 1355 1357 1418 καὶ

122 1464 212 1544 ὑμεῖς
240 1463 295 1526 καὶ
323 1465 412 1544 ἡμοῖς
439 1463 601 1538 scribitur,
632 1463 688 1542 qui
711 1463 945 1542 pronominum
970 1462 1051 1526 ordo
1076 1461 1287 1526 similitudine
1311 1459 1357 1546 ἕξ

123 1569 143 1630 7
168 1575 201 1632 et
225 1569 246 1632 8
278 1568 369 1652 (μήτε
397 1570 481 1650 ὑμᾶς
509 1571 587 1652 μήτε
616 1571 701 1652 ἡμᾶς
724 1606 766 1614 -
789 1570 873 1651 ὑμᾶς
903 1593 934 1632 τε
967 1571 1042 1652 ἡμῖν
1071 1569 1125 1632 καὶ
1155 1570 1240 1652 ἡμᾶς
1268 1567 1355 1651 ὑμῖν)

122 1675 336 1756 comprobari
359 1676 496 1739 videtur.

218 1781 301 1860 119,
327 1781 346 1844 2
371 1782 467 1846 codd.
494 1801 609 1847 omnes
633 1781 922 1865 (Ἐπιδαυρίων-δὲ
941 1783 1089 1866 Ἀμφίας)
1114 1781 1273 1846 Εὐπαιίὸα
1302 1800 1354 1846 ex-

123 1889 249 1965 hibent,
277 1887 346 1951 Pal.
373 1888 446 1951 solo
470 1895 618 1968 excepto,
644 1889 677 1950 in
702 1907 767 1969 quo
790 1887 969 1954 Εὐπλιαίδο
994 1890 1161 1966 scribitur;
1188 1888 1356 1953 Bekkerus

122 1995 274 2058 Εὐποΐὸο
308 1995 447 2074 scripsit,
484 1995 572 2076 quod
605 2012 727 2058 nomen
754 2013 921 2075 nusquam
949 1995 1026 2060 alibi
1051 2001 1148 2060 extat.
1199 1993 1357 2074 Equidem

122 2102 260 2182 vestigia
284 2101 435 2177 Palatini,
462 2103 518 2182 qui
541 2102 703 2192 codexuin
727 2099 838 2165 formis
867 2102 1043 2166 verborum
1073 2101 1204 2181 saepius
1234 2117 1354 2164 memo·

122 2209 205 2270 riam
230 2208 469 2273 accuratiorem
494 2209 645 2282 servavit,
672 2214 805 2272 secutus
824 2207 1023 2272 Εὐπαλίὸο
1047 2207 1258 2272 scribendum
1282 2223 1355 2270 esse

122 2315 318 2392 putaverim,
345 2315 433 2394 quod
457 2333 579 2380 nomen
602 2315 636 2378 in
659 2315 752 2378 titulo
777 2315 935 2395 Delphico
958 2312 1101 2400 (Wesch.
1124 2320 1157 2380 et
1175 2314 1276 2378 l'ouc.
1299 2312 1352 2389 81,

123 2418 176 2505 K.)
202 2420 382 2493 invenitur;
409 2418 449 2484 cf.
474 2421 663 2498 Εὐπαλῖνος,
690 2439 812 2486 nomen
836 2421 1026 2502 Megarense
1052 2419 1185 2506 (Herod.
1211 2420 1263 2497 lll,
1285 2417 1352 2506 60).

216 2526 304 2604 120,
335 2527 354 2588 2
384 2528 496 2590 nescio
525 2545 568 2590 an
595 2534 684 2592 recte
718 2528 897 2608 optativum
927 2529 1051 2611 ἀμύνοι
1081 2525 1204 2615 (baur.)
1234 2528 1352 2608 Krueg.

121 2632 324 2711 praetulerit,
351 2651 449 2713 quem
473 2634 571 2698 etiam
594 2633 780 2715 Polyaenus
800 2634 822 2710 l,
846 2633 899 2711 38,
921 2635 942 2698 4
967 2641 1117 2700 nostrum
1141 2636 1251 2700 locum
1275 2633 1355 2698 satis

123 2746 279 2802 accurate
304 2739 435 2802 imitans
459 2740 576 2820 legisse
599 2740 737 2804 videtur.

216 2845 301 2925 l22,
325 2844 356 2909 5.
380 2847 426 2917 ,εἶ
445 2847 498 2910 καὶ
521 2849 552 2910 οἱ
573 2847 606 2909 έν
628 2853 694 2918 ταῖς
716 2849 821 2932 νήσοις
844 2849 906 2932 ἤδη
928 2850 1014 2920 ὄντες
1032 2850 1152 2923 ἀξιοῦσι
1170 2851 1263 2929 σφῶν
1281 2846 1354 2926 ἀφί-

123 2951 276 3034 στασθαι]
300 2951 413 3031 partic.
441 2954 551 3026 ὄντες,
576 2971 651 3016 cum
675 2955 737 3038 ἤδη
762 2957 804 3020 ad
827 2957 948 3030 ἀξιοῦσι
971 2957 1132 3036 pertineat
1152 2969 1260 3032 neque
1279 2950 1354 3014 talis

123 3058 300 3122 verborum
329 3058 476 3123 traiectio
505 3061 579 3122 usui
608 3059 820 3144 Thucydideo
850 3064 1036 3137 conveniat,
1067 3062 1137 3124 iure
1161 3058 1195 3122 in
1219 3057 1354 3120 dubium

123 3165 256 3227 vocavit
284 3164 415 3245 Krueg,
446 3165 504 3232 sod
533 3166 690 3230 audacius
721 3169 867 3234 remedio
892 3167 1023 3232 delendi
1048 3185 1128 3230 usus
1152 3169 1211 3230 est.
1262 3163 1355 3226 Latet

125 3267 262 3334 sortasse
295 3271 329 3333 in
362 3289 402 3335 eo
435 3271 626 3336 adverbium
658 3275 785 3348 οὕτως,
814 3274 903 3356 quod
932 3273 1009 3338 alibi
1038 3271 1132 3358 (Vlll,
1164 3271 1216 3347 71,
1250 3268 1280 3356 1)
1310 3268 1355 3332 ita

125 3375 333 3458 Thucydides
367 3379 484 3457 posuit,
520 3385 555 3442 ut
587 3377 655 3443 fere
689 3383 816 3445 temere
846 3379 968 3466 (vohne
996 3375 1180 3464 weiteres»)
1212 3376 1351 3450 valerett

126 3481 165 3546 cf.
198 3483 298 3564 Soph.
329 3484 436 3566 Antig.
468 3484 548 3549 315:
583 3487 677 3550 εἰπεῖν
708 3513 735 3550 τι
768 3489 888 3560 δώσεις,
921 3491 941 3570 ἢ
975 3486 1121 3570 στραφεὶς
1153 3485 1255 3553 οὕτως
1287 3482 1353 3557 ἴωζι

125 3589 292 3654 Demosth.
321 3591 399 3666 LIV,
427 3593 746 3657 moucheim.
774 3595 800 3658 ll
825 3615 851 3658 s.
878 3613 908 3657 v.
936 3596 1045 3664 οὕτως.

217 3697 302 3777 124,
327 3697 357 3761 3.
397 3699 620 3781 προελθόντων
642 3701 827 3784 πρότερον
850 3737 894 3746 -
917 3707 982 3766 τῶν
1000 3701 1198 3781 Ανγκηστῶν
1219 3696 1354 3759 ὁπλιτῶν

124 3803 176 3866 καὶ
199 3805 334 3886 ἑτοίμων
357 3805 458 3869 ὄντων
480 3806 640 3888 μάχεσθαι
664 3808 725 3890 -]
749 3809 910 3888 scriptura
936 3809 1029 3870 baur.
1059 3804 1256 3885 προτέρων
1283 3803 1355 3865 sine

23 3979 24 3986 ,
126 3909 225 3974 dubio
259 3908 473 3989 praeferenda
506 3919 565 3988 est,
600 3931 676 3974 cum
708 3914 900 3978 adverbium
926 3909 1030 3996 prius
1064 3912 1128 3974 hoc
1165 3911 1240 3973 loco
1275 3906 1354 3970 satis

23 4025 24 4032 ’
125 4015 329 4080 indefinitum
358 4017 396 4080 sit
425 4037 487 4082 nec
520 4037 585 4098 quo
610 4027 684 4098 apte
708 4019 866 4085 referatur
889 4020 1024 4091 habeat;
1052 4021 1168 4081 contra
1191 4014 1353 4080 adiectivo

126 4123 274 4201 apposito
304 4120 391 4208 (cum
419 4125 544 4204 pedites
572 4125 807 4206 Lyncestarum
829 4122 973 4206 priores
1003 4108 1242 4204 processissent
1275 4118 1352 4204 cet.)

127 4229 207 4291 ratio
232 4230 388 4308 temporis
412 4231 515 4310 magis
539 4232 720 4311 conspicua
744 4231 788 4294 iit.

217 4333 301 4414 125,
328 4335 356 4399 1.
396 4337 599 4419 φοβηθέντες,
629 4336 709 4420 ὅπερ
739 4337 823 4419 φιλεῖ
850 4337 972 4418 μεγάλα
1001 4332 1195 4417 στρατόπεδα
1219 4333 1354 4412 ἀσαφῶς

127 4439 377 4524 ἕκπλήγννοιλοι]
409 4442 495 4506 male
524 4441 666 4506 Stahlius
696 4461 771 4507 cum
798 4439 869 4505 aliis
899 4449 974 4521 post
1001 4439 1194 4522 στρατόπεδα
1224 4454 1355 4504 comma
