3262 5052
856 329 899 394 98

262 520 394 576 rectene
429 509 648 593 ἀναλαμβάνει
685 509 749 572 dici
783 509 887 588 possit
920 504 1007 592 (ἀνα-
1047 507 1214 570 Reiskium
1256 506 1360 570 secuti
1403 507 1489 572 dele·

263 623 380 683 verunt
402 617 506 682 Class.
533 623 564 681 et
588 614 722 702 Slahl.);
753 614 948 680 scholiastes
976 614 1122 694 quidem:
1153 613 1283 696 ἰσχυρὰν
1309 614 1365 696 τὴν
1392 637 1489 697 τιμω-

263 727 333 807 ρίαν
364 727 404 788 ἂν
434 730 561 787 ποιεῖται
593 724 756 786 adnotans
793 724 833 786 ἂν
869 721 1021 804 λαμβάνει
1057 720 1174 802 legisse
1210 722 1347 800 videtur,
1390 741 1491 803 quem

263 838 396 897 secutus
423 833 469 893 ἂν
497 831 685 913 λαμβάνοι
712 831 872 912 (repetet)
901 829 1058 908 scriptum
1087 826 1188 892 fuisse
1210 829 1419 894 coniecerim.
1449 867 1490 876 -

263 936 350 1002 lnfra
375 935 407 1022 (ξ
430 935 463 1022 6)
488 955 546 1018 pro
569 937 712 1019 λέγοντος
735 934 874 1000 fortasse
898 935 1015 1000 melius
1037 935 1191 1017 λέγοντας
1214 936 1254 1000 ad
1278 942 1341 1006 ταῖς
1362 943 1490 1000 τοιαῦτα

261 1045 384 1126 λέγουσι
406 1045 545 1109 relatum
569 1043 730 1108 scribitur.
779 1043 815 1106 ln
839 1041 861 1128 ξ
887 1043 905 1105 7
930 1060 989 1123 pro
1012 1042 1208 1125 καθημένοις
1235 1041 1352 1122 Krueg.
1383 1043 1490 1126 καθή-

261 1175 363 1234 μενοι
386 1151 485 1215 scribi
508 1145 621 1226 voluit,
653 1169 727 1214 cum
757 1149 1027 1230 significationem
1057 1144 1215 1213 desidiae
1241 1149 1317 1213 hinc
1347 1149 1491 1214 alienam

262 1264 404 1339 putaret;
430 1258 488 1322 sed
512 1259 624 1322 omnia
646 1275 682 1321 se
705 1257 790 1321 bene
809 1256 942 1332 habent,
968 1257 996 1318 si
1014 1255 1142 1326 δεαταῖς
1159 1255 1323 1320 vocabulo
1342 1257 1490 1340 καθημέ-

262 1389 326 1435 νοις
349 1365 534 1445 appositum
557 1383 630 1429 esse
654 1370 817 1444 putamus.

353 1471 414 1546 39,
430 1473 468 1534 4.
503 1477 566 1536 τῶν
593 1471 718 1534 πόλεων
746 1470 795 1541 αἶς
823 1472 862 1534 ἃν
888 1470 1019 1552 μάλιστα
1042 1469 1096 1533 καί
1120 1471 1159 1533 δι’
1185 1471 1344 1552 ἐλαχίστου
1368 1471 1489 1553 ἀπροσ-

263 1579 397 1661 δόκητος
432 1579 583 1660 εὐπραξία
615 1577 711 1661 ἔλθῃ]
748 1577 922 1641 durissime
956 1573 1114 1641 maxime
1145 1587 1178 1640 et
1208 1573 1353 1641 minimo
1387 1574 1491 1642 inter·

263 1681 352 1750 σαίίο
383 1681 562 1767 insperata
580 1679 740 1768 felicitas
771 1685 836 1748 dici
860 1703 976 1748 omnes
1000 1685 1220 1748 consentiunt.
1270 1682 1380 1749 Schol.
1407 1685 1489 1758 ἔξαίτ

262 1815 344 1874 φνης
367 1791 421 1854 καί
444 1791 683 1874 ἀπροσδόκητος
705 1791 925 1871 interpretans
948 1791 1049 1856 verba
1073 1791 1112 1853 δι’
1138 1791 1296 1873 ἐλαχίστου
1317 1797 1349 1856 et
1367 1791 1488 1875 ἀπροσ-

263 1899 397 1980 δόκητος
419 1899 596 1962 coniuncta
620 1898 737 1978 legisse
760 1915 828 1961 non
851 1897 989 1976 videtur,
1014 1904 1052 1961 ut
1073 1898 1203 1979 μάλιστα
1222 1898 1355 1980 ἀπροαδ.
1369 1898 1424 1961 καί
1444 1899 1486 1962 δι’

261 2005 344 2087 ἐλαχ.
368 2005 523 2085 scriptum
548 2002 648 2068 luisse
676 2005 744 2068 veri
773 2005 878 2068 simile
906 2003 972 2068 fiat.
999 2003 1194 2068 Correctura
1217 2003 1429 2069 Herwerdeni
1457 2013 1490 2070 et

261 2111 370 2176 Weilii
401 2111 502 2175 verba
532 2111 663 2194 μάλιστα
696 2111 750 2175 καί
782 2117 857 2192 post
893 2111 971 2194 ἔλθῃ
1008 2111 1292 2190 transponentium
1325 2114 1489 2176 sermonis

262 2219 412 2282 duritiem
432 2237 499 2282 non
518 2218 614 2282 levat.
654 2219 689 2282 ln
709 2219 747 2282 iis
768 2236 853 2299 quae
872 2219 1020 2299 proxime
1044 2223 1226 2298 sequuntur
1247 2217 1284 2281 τὰ
1306 2219 1406 2282 πολλὰ
1430 2237 1488 2283 no·

263 2325 454 2388 minativum
474 2343 547 2389 esse
567 2325 684 2406 Krueg.
706 2331 795 2390 recte
815 2325 927 2388 statuit
949 2323 1006 2409 [ὡς
1024 2324 1073 2387 ατί
1094 2324 1129 2387 τὸ
1151 2323 1241 2397 πολὺ,
1265 2323 1403 2410 schol.];
1429 2327 1489 2392 sed

262 2431 349 2494 haud
369 2431 466 2494 dubie
486 2433 728 2514 adduxerimus
747 2431 958 2496 scribendum
978 2437 1027 2495 est
1049 2428 1101 2516 (ef.
1120 2431 1185 2506 Vll,
1204 2431 1256 2507 77,
1274 2431 1311 2494 3:
1336 2432 1490 2496 λιτανὰ-

260 2544 323 2608 ταῖς
342 2573 383 2582 -·
403 2539 561 2619 πολεμίοις
587 2537 778 2625 ηὕτύχηται),
816 2557 881 2620 qua
913 2557 947 2602 re
981 2539 1063 2602 haec
1096 2539 1258 2604 sententia
1290 2538 1339 2602 fit:
1374 2541 1394 2602 ἃ
1426 2546 1490 2611 τοῖς
1579 2573 1581 2578 ·
1605 2585 1608 2590 ·

261 2645 445 2726 ἀνθρώποις
467 2643 546 2707 κατὰ
569 2645 663 2726 λόγον
686 2646 893 2727 εὐταχοῦνται,
912 2645 1067 2708 τὰπολλὰ
1086 2645 1299 2728 ἀσφαλίστερά
1313 2647 1393 2709 ἐστιν
1406 2647 1488 2719 κτλ.;

262 2752 301 2816 de
330 2750 446 2831 plurali
475 2747 532 2814 cfr.
564 2752 602 2824 V,
630 2751 682 2828 26,
714 2751 750 2828 2;
787 2751 839 2828 75,
866 2752 901 2826 23
928 2753 965 2828 ll,
993 2753 1023 2829 8,
1051 2752 1085 2826 2;
1122 2752 1202 2822 Vlll.
1231 2753 1282 2828 10,
1310 2754 1326 2816 1
1354 2752 1486 2839 (Krueg.

201 2913 203 2919 .
262 2859 303 2923 ad
327 2858 350 2934 l,
380 2856 434 2934 58,
468 2855 530 2944 l).¹
577 2857 665 2924 Idem
699 2857 862 2939 quaesivit
885 2859 1086 2923 Badhamius
1119 2860 1277 2924 audacius
1309 2861 1490 2942 εὐτυχοῦσιν

262 2965 419 3029 scribens.
441 3001 484 3012 -
507 2962 529 3050 ξ
553 2965 574 3029 6
599 2965 692 3029 baur.
719 2984 795 3029 cum
819 2961 966 3045 plurimis
990 2965 1115 3048 (πάντες
1137 2967 1210 3050 γὰρ)
1234 2967 1321 3049 ὑμῖν
1343 2967 1487 3043 exhibet,

263 3072 351 3154 quod
384 3079 472 3137 certe
505 3073 664 3153 scriptura
692 3072 797 3137 Vatic.
832 3072 931 3156 (ἡμῖν)
961 3091 1029 3136 non
1052 3073 1195 3137 deterius
1219 3080 1278 3149 est,
1305 3071 1347 3138 oi.
1374 3076 1486 3140 adnot.

262 3179 420 3244 Amoldii.
448 3217 489 3226 -
517 3178 539 3264 ξ
569 3182 587 3242 7
615 3181 650 3243 in
678 3180 792 3260 partie.
821 3203 862 3252 τε,
895 3197 993 3260 quam
1022 3180 1117 3245 codd.
1149 3199 1264 3244 ornnes
1291 3187 1420 3261 praeter
1449 3181 1486 3247 G.

263 3287 369 3350 solum
400 3293 472 3367 post
499 3287 563 3350 ὑπό
591 3287 754 3363 exhibent,
789 3303 832 3350 an
856 3311 897 3369 γε
920 3287 1021 3352 lateat
1043 3287 1167 3351 dubito.
1193 3323 1237 3334 -
1260 3288 1296 3351 ln
1320 3286 1342 3373 ξ
1366 3288 1387 3352 8
1411 3290 1488 3353 scri-

262 3393 349 3457 bitur
370 3400 424 3476 τῆς
446 3394 570 3456 ἔπειτα
592 3394 764 3475 προσόδου,
796 3394 836 3457 δι’
862 3396 901 3476 ἣν
924 3395 1081 3476 ι’σχύομεν,
1103 3394 1138 3458 τὸ
1161 3393 1270 3458 λοιπὸν
1292 3397 1489 3477 στερήσεσδε,

263 3501 316 3563 cui
340 3499 500 3564 sermonis
524 3498 744 3564 abundantiae
769 3500 944 3566 Ullrichius
967 3501 1088 3565 ἐκεῖθεν
1112 3501 1259 3566 scribens
1285 3502 1407 3565 mederi
1435 3521 1489 3566 cc·
1619 3483 1620 3494 ¹

263 3615 360 3670 natus
384 3612 448 3684 est;
476 3607 533 3670 sed
557 3607 644 3670 haud
669 3607 767 3672 dubie
791 3608 844 3672 hic
867 3607 1067 3672 vocabulum
1090 3609 1254 3678 ἐπετείας
1271 3607 1324 3672 vel
1343 3609 1489 3688 ἐπετείου,

263 3719 437 3793 utrumque
449 3713 603 3789 Atticum,
617 3714 705 3789 latet,
719 3733 817 3794 quam
834 3721 1055 3780 correcturum
1071 3721 1103 3779 et
1113 3693 1277 3778 llerwerd.
1291 3720 1324 3779 et
1333 3715 1489 3780 Weilium

265 3835 446 3899 occupasse
470 3820 578 3884 video.
629 3844 633 3854 ·

353 3925 413 4000 40,
439 3927 468 3990 l.
517 3929 636 3990 οὔκουν
663 3927 712 3990 δεῖ
734 3929 900 4010 προθεῖναι
928 3929 1036 3992 ἐλπίδα
1064 3930 1134 3992 οὔτε
1160 3929 1247 4011 λόγῳ
1275 3928 1384 4011 πιστὴν
1407 3930 1488 4014 κτλ]

262 4033 459 4114 προσθεῖναι
486 4051 670 4097 consensus
698 4033 792 4098 baur.
824 4041 856 4100 et
880 4035 983 4100 Vatic.
1009 4036 1157 4116 praebel;
1188 4053 1250 4099 nec
1273 4043 1384 4100 tamen
1409 4037 1488 4100 rnul-

263 4146 332 4203 tum
355 4139 389 4202 in
412 4138 468 4202 tali
491 4157 526 4203 re
549 4140 637 4204 valet
660 4139 816 4204 librorum
836 4144 1024 4219 auctoritas,
1047 4160 1121 4206 cum
1142 4142 1331 4222 saepissime
1353 4161 1485 4224 praepp.

355 4387 363 4416 ¹
381 4387 459 4442 Hanc
478 4387 661 4444 coniecturam
680 4387 799 4458 quodam
819 4388 901 4442 modo
920 4389 997 4443 locus
1016 4389 1058 4451 vl,
1079 4387 1120 4452 13,
1141 4389 1168 4442 1:
1192 4388 1318 4456 ἐπιθυμίᾳ
1335 4388 1384 4456 μὲν
1402 4389 1487 4459 ἐλάχι-

264 4497 310 4529 στα
328 4477 526 4543 κατορθοῦνται,
544 4477 653 4544 προναία
671 4475 700 4530 δὲ
718 4477 823 4528 πλεῖστα
844 4479 993 4543 confirmat,
1012 4478 1060 4534 ubi
1085 4478 1225 4532 Goellerus
1247 4478 1379 4533 inutiliter
1402 4479 1488 4548 singu·
1616 4487 1617 4507 ³

264 4567 349 4621 larem
368 4568 472 4622 restitui
491 4567 578 4640 iussit.
