3244 5060
719 304 739 368 3

128 483 322 561 saepissime,
349 501 424 545 cum
448 483 625 562 scripturas
649 483 800 546 meliores
824 483 876 546 vel
901 483 1045 563 speciem
1070 483 1234 563 quandam
1254 461 1351 546 boni-⁸

127 591 195 652 tatis
221 607 300 669 prae
329 606 364 651 se
392 587 534 653 ferentes
562 588 707 664 exhibet,
738 607 758 652 a
785 589 944 652 memoria
967 594 1151 653 ceterorum
1175 587 1346 652 codicum¹

127 698 166 759 ita
188 697 350 771 abhorret,
377 699 413 757 ut
437 713 454 758 e
479 693 567 760 fonte
592 695 688 775 plane
713 696 842 760 diverso
867 714 943 759 eum
966 697 1000 758 in
1023 696 1074 758 his
1098 696 1187 759 libris
1210 695 1346 758 ductum

126 823 192 867 esse
220 808 386 883 appareat,
417 802 515 882 quem
539 800 661 865 fontem
685 821 754 865 non
777 802 926 866 codicem
950 803 1093 883 aliquem
1116 803 1155 864 iis
1180 801 1342 879 omnibus

126 909 285 991 equibus
313 909 412 972 ceteri
441 908 536 971 codd.
569 908 706 972 derivati
729 914 814 985 sunt,
848 909 951 972 multo
976 911 1256 989 praestantiorem,
1288 908 1346 973 sed

125 1017 347 1080 recensionem
385 1016 549 1095 quandam
585 1015 782 1096 singularem
816 1013 916 1080 fuisse
949 1017 1159 1080 consentiunt
1191 1015 1343 1080 editores.

125 1123 220 1186 Cuius
250 1123 454 1186 recensionis
482 1119 729 1186 fundamentum
757 1123 984 1203 rationemque
1008 1124 1115 1186 adhuc
1139 1141 1235 1187 nemo
1260 1119 1346 1186 fere²

125 1229 307 1310 diligentius
332 1229 538 1304 examinavit,
566 1229 623 1292 sed
647 1247 708 1292 suo
733 1230 871 1309 quisque
895 1229 1017 1292 iudicio
1041 1231 1076 1292 in
1100 1229 1234 1309 singulis
1259 1230 1344 1293 Vati·

125 1337 193 1398 cani
228 1337 398 1415 scripturis
430 1335 625 1416 recipiendis
659 1337 915 1415 aspernandisve
944 1336 1252 1416 obtemperaverunt
1279 1337 1344 1400 edi-

124 1449 216 1517 tores
244 1460 385 1522 quorum
400 1440 544 1504 Stahlius
567 1442 613 1504 ita
634 1460 705 1506 rem
728 1443 802 1522 egit,
829 1448 865 1506 ut
884 1443 1068 1505 Bckkcrum
1092 1448 1223 1506 secutus
1248 1444 1343 1506 inter-

123 1548 343 1628 polationibus
377 1549 636 1629 correcturisque
669 1549 885 1628 apertioribus
919 1550 1156 1629 praetermissis
1186 1549 1344 1612 Vaticano

123 1657 279 1719 maiorem
307 1653 402 1718 fidem
427 1655 571 1731 haberet,
606 1651 803 1719 Classenius
827 1656 990 1720 interdum
1014 1675 1055 1720 ne
1080 1653 1346 1720 manifestissima

124 1762 251 1841 quidem
281 1761 358 1824 vitia
385 1767 573 1825 correctura
595 1761 685 1824 illata
708 1763 941 1842 repudiaverit,
972 1759 1256 1826 Herzocrdcnus³
1280 1782 1344 1827 me-

124 1869 209 1933 dium
233 1868 399 1947 quoddam
422 1869 484 1932 iter
505 1874 617 1932 tenere
642 1875 780 1932 conatus
805 1871 856 1932 sit.
898 1868 961 1933 Sed
985 1872 1020 1931 in
1044 1870 1106 1932 hac
1127 1887 1162 1932 re
1182 1887 1222 1933 eo
1241 1870 1344 1950 magis

124 1976 206 2056 digni
230 1980 309 2038 sunt
331 1974 449 2055 quibus
473 1975 670 2055 ignoscatur,
705 1977 793 2056 quod
818 1976 925 2040 adhuc
949 1976 1098 2040 locorum
1122 1977 1156 2038 in
1179 1976 1229 2038 his
1253 1976 1344 2040 libris

15 2069 40 2168 ‚'
124 2089 152 2144 ct
176 2082 384 2146 Laurentiani
412 2081 508 2161 plane
532 2082 622 2145 nulla
646 2082 779 2146 collatio
804 2088 892 2146 extat
916 2087 948 2146 et
971 2101 1012 2146 ne
1038 2083 1187 2148 Vaticani
1211 2084 1343 2163 quidem

107 2189 300 2268 scripturae
324 2207 438 2252 omnes
463 2207 538 2251 cum
563 2207 642 2252 cura
665 2193 817 2254 enotatas
837 2195 928 2265 sunt;
954 2189 1176 2269 quamipsam
1197 2191 1339 2268 obrem,

125 2301 156 2358 ut
190 2296 414 2359 instrumentis
450 2295 640 2359 melioribus
677 2296 856 2360 instructus
892 2296 932 2359 ad
965 2313 1034 2358 rem
1067 2297 1146 2359 satis
1179 2295 1344 2362 difficilem

124 2402 323 2476 accederem,
349 2403 418 2482 ipse
435 2403 644 2466 laurentiani
668 2401 768 2465 libros
788 2402 945 2466 lll—Vlll
966 2399 1054 2488 (nam
1074 2403 1159 2466 l—-ll
1179 2404 1344 2484 diligentia

125 2507 274 2572 Schoenii
308 2508 617 2596 praeoccupaverat)
650 2515 683 2574 et
710 2510 861 2573 Vaticani
892 2509 994 2572 libros
1024 2510 1078 2573 Vll
1106 2517 1138 2574 et
1165 2510 1236 2574 Vlll
1265 2529 1344 2574 cura

124 2633 185 2694 qua
216 2616 308 2696 potui
340 2616 548 2679 exactissima
580 2616 715 2691 contuli,
750 2622 786 2678 ut
818 2617 857 2679 iis
891 2616 1060 2680 dumtaxat
1092 2617 1188 2690 locis,
1224 2617 1343 2696 quibus

124 2723 299 2802 scripturae
323 2740 343 2785 a
366 2739 418 2786 me
442 2722 617 2786 adnotatae
641 2723 683 2785 ab
707 2722 845 2802 vulgatis
869 2721 1028 2798 differant,
1059 2741 1149 2786 meas
1177 2729 1343 2802 praestare

123 2829 251 2906 possim,
279 2829 351 2892 aliis
374 2847 452 2892 vero
476 2829 587 2909 aliqua
610 2847 662 2892 me
686 2827 807 2908 fugisse
831 2847 950 2910 negare
975 2847 1041 2892 non
1065 2828 1215 2892 audeam.

206 2935 393 3016 Antequam
417 2936 458 2999 ad
481 2937 719 3012 recensionem,
746 2954 764 2999 e
789 2955 855 3017 qua
878 2941 1051 3000 contextus
1075 2935 1224 2999 Vaticani
1247 2936 1341 3014 prod-

122 3041 165 3117 iit,
190 3043 443 3106 examinandam
465 3043 606 3119 veniam,
632 3044 716 3106 ratio
740 3061 825 3122 quae
841 3043 1060 3106 Laurentiano
1084 3049 1115 3106 et
1139 3061 1214 3105 cum
1236 3042 1339 3104 Vatic.

123 3147 190 3211 solo
222 3157 255 3213 et
288 3167 364 3212 cum
397 3167 561 3212 consensu
590 3155 774 3212 ceterorum
806 3145 978 3213 codicum4
1000 3149 1172 3212 intercedit
1203 3149 1344 3212 breviter

210 3397 216 3424 ¹
238 3395 304 3450 Cod.
327 3395 361 3448 H.
381 3395 475 3463 (Paris.
495 3400 547 3448 vet.
568 3397 643 3450 lund.
665 3395 743 3463 1734,
766 3411 839 3450 saec.
858 3395 916 3462 XV)
941 3396 1000 3448 solo
1024 3402 1147 3465 excepto,
1170 3397 1215 3465 qui
1240 3396 1342 3450 eVati-

123 3500 188 3538 cano
211 3487 256 3538 vel
281 3483 374 3538 codice
398 3484 423 3537 ei
447 3489 562 3553 cognato
587 3485 738 3553 descriptus
762 3500 824 3538 esse
847 3484 956 3537 videtur
980 3485 1057 3537 etin
1081 3485 1140 3538 libri
1158 3485 1205 3539 Vll
1230 3501 1287 3552 cap.
1307 3485 1343 3538 50

124 3575 151 3640 (ς’
171 3573 197 3628 1:
218 3573 313 3641 τούτῳ)
333 3573 447 3636 ἀεείηίῖς
464 3573 509 3642 qui
528 3579 558 3626 ut
577 3574 678 3628 nullius
697 3573 753 3626 fere
772 3574 849 3642 pretii
869 3573 950 3626 hodie
968 3575 1049 3642 vulgo
1067 3580 1141 3627 recle
1160 3574 1299 3627 omittitur.

206 3661 388 3730 ²Eggertium
412 3663 458 3730 (de
477 3663 561 3716 Vatic.
582 3662 640 3716 cod.
660 3661 772 3731 Thucvd
800 3663 968 3718 auctoritate.
989 3664 1076 3716 berol.
1097 3662 1177 3726 1882)
1205 3661 1239 3715 de
1258 3678 1292 3714 ea
1314 3677 1343 3715 re

122 3751 254 3818 quaedam
279 3741 462 3819 disputantem
487 3767 545 3804 rem
569 3751 681 3804 minime
701 3751 853 3806 absolvisse
873 3751 969 3805 merito
988 3751 1119 3816 iudicavit
1138 3743 1258 3804 Stahlius
1277 3751 1305 3819 (l.
1327 3751 1342 3802 l.

122 3855 176 3909 pag.
195 3840 229 3894 45
249 3840 312 3894 adn.
333 3840 369 3907 2).

208 3929 327 3998 ³Quem
347 3929 479 3998 criticum,
507 3945 569 3982 cum
598 3929 708 3997 saepius
732 3929 766 3982 de
791 3929 930 3998 scripturis
953 3928 1085 3997 corruptis
1109 3928 1254 3981 sanissime
1277 3928 1343 3982 iudi-

122 4020 227 4086 caverit,
255 4017 390 4071 interdum
419 4019 448 4071 in
476 4018 588 4072 easdem
612 4019 721 4072 inutiles
745 4023 913 4073 correcturas
937 4019 1054 4087 quaein
1074 4019 1158 4072 Vatic.
1179 4017 1343 4072 substitutae

121 4113 180 4162 sunt
199 4107 365 4162 incidentem
384 4107 547 4162 invenimus.
618 4160 620 4166 ,

209 4197 217 4226 ²
236 4197 285 4250 His
305 4196 527 4250 adnumerandae
547 4202 611 4250 sunt
630 4197 778 4265 scripturae
797 4198 993 4264 discrepantes,
1012 4210 1082 4264 quae
1102 4212 1136 4248 ex
1154 4193 1207 4247 alio
1222 4193 1342 4262 quodam

121 4287 211 4340 codice
239 4285 341 4354 petitae
369 4285 397 4338 in
424 4286 467 4339 his
496 4285 560 4340 solis
589 4286 663 4340 libris
691 4285 767 4353 signo
795 4285 941 4354 yppipsm)
965 4285 1124 4354 plerumque
1147 4285 1259 4335 notatae
1280 4297 1342 4335 con-

122 4376 203 4430 textui
222 4374 307 4430 Vatic.
334 4373 485 4444 adscriptae
510 4381 586 4446 sunt;
615 4391 685 4444 quae
708 4375 764 4428 fere
788 4375 889 4444 ubique
908 4390 970 4427 cum
990 4373 1070 4426 Laur.
1091 4375 1118 4424 et
1136 4373 1197 4423 cett.
1218 4367 1342 4423 eiusdem

121 4463 246 4532 familiae,
271 4463 338 4517 ltalo
360 4465 488 4532 maxime,
512 4464 693 4527 consentiunt,
717 4465 811 4532 paucis
837 4469 930 4518 tamen
953 4461 1020 4516 locis
1040 4460 1116 4526 (vlit,
1136 4457 1179 4528 30,
1198 4458 1226 4520 23
1251 4456 1294 4525 79,
1314 4460 1342 4525 2)

122 4553 278 4622 scripturam
299 4553 462 4621 singularem
482 4553 619 4607 exhibent.

1096 4653 1127 4706 1.
