3262 5052
835 239 899 304 130

254 417 413 497 suspicor,
447 416 671 497 Thucydidem
694 415 735 479 ιὰ
759 415 849 480 ἅλλα
873 416 988 499 σκεύη
1012 414 1268 497 (armamenta)
1297 415 1483 495 scripsisse,

253 524 311 588 sed
334 522 498 588 vocabulo
522 523 619 605 σκεύη
638 524 671 586 in
692 529 791 605 ακευῆ
810 529 936 587 mutato
956 523 1055 586 etiam
1073 521 1109 585 ιὰ
1129 522 1206 585 ἅλλα
1226 528 1380 602 corrupta
1394 539 1482 586 esse.

252 667 297 676 -
320 629 414 708 Quod
443 629 483 693 ad
512 629 628 694 verba:
659 630 764 702 ξύλων
790 629 1000 712 ὑπαρχόντων
1027 629 1081 692 καὶ
1110 635 1163 711 τῆς
1179 627 1264 711 Ἴδης
1286 629 1487 711 ἐπικειμένης

253 737 378 811 attinet,
411 736 621 800 coniecturae
652 733 776 811 Stahlii,
813 753 879 816 qua
906 736 942 799 ἐκ
973 753 1031 816 pro
1055 735 1109 798 καὶ
1132 734 1253 809 scribit,
1279 735 1312 798 id
1336 735 1482 808 obstare,

253 841 342 924 quod
370 848 424 924 τῆς
451 843 529 906 tnta.
552 840 637 924 Ἴδης
665 841 842 906 dicendum
872 839 977 918 luerit,
1008 850 1097 906 recte
1125 840 1314 906 Classenius
1338 842 1483 915 monuit3

254 950 304 1012 sin
332 955 442 1012 autem
471 948 537 1011 duo
567 947 715 1012 membra
743 953 829 1024 sunt,
863 948 966 1012 multo
995 948 1102 1028 aptius
1130 948 1203 1012 adv.
1229 947 1365 1012 αὐτόθεν
1392 948 1486 1028 quod

253 1056 400 1136 proxime
432 1053 599 1135 praecedit
631 1073 707 1118 cum
740 1054 849 1118 verbis
882 1055 987 1128 ξύλων
1017 1055 1227 1138 ὑπαρχόντων
1258 1055 1410 1134 iungitur,
1449 1054 1485 1117 id

253 1161 430 1242 quodiam
454 1161 572 1241 Krueg.
600 1161 712 1224 suasit.

345 1267 404 1341 53,
431 1268 447 1330 1
473 1285 532 1348 pro
556 1268 724 1349 ἀγαγόντες
752 1267 839 1331 haud
870 1267 980 1331 dubie
998 1267 1208 1332 scribendum
1237 1273 1287 1332 est
1315 1268 1485 1349 ἄγοντες,

253 1373 293 1438 cl.
330 1374 367 1450 Il,
399 1374 452 1449 80,
483 1373 518 1446 6;
554 1374 607 1451 IV,
646 1374 723 1446 124;
759 1373 798 1448 V,
832 1374 863 1450 9,
896 1375 1026 1446 7roet.;
1061 1374 1191 1454 saepius
1218 1375 1254 1438 in
1282 1375 1485 1438 contrariam

252 1488 377 1561 partem
401 1498 422 1544 a
444 1479 583 1543 librariis
607 1487 780 1559 peccatum
805 1485 864 1544 est.

344 1586 404 1661 54,
428 1586 459 1651 3.
489 1587 524 1649 τό
547 1611 578 1650 τε
600 1587 777 1668 παραυτίκα
806 1585 917 1650 καὶτὸ
941 1588 1043 1650 ἔπειτα
1065 1593 1119 1669 τῆς
1142 1587 1311 1669 ὁμολογίας
1333 1586 1483 1670 ἐπράχθη

251 1693 373 1777 αὐτοῖς]
397 1695 498 1757 miror
521 1691 682 1757 Stahlium
705 1693 879 1756 articulum
897 1692 943 1765 τὰ,
963 1711 1061 1774 quem
1081 1695 1242 1773 scriptura
1260 1693 1346 1773 vulg.
1368 1693 1481 1769 habet,

251 1800 326 1878 ideo
351 1805 427 1864 ante
451 1799 553 1864 verba
575 1805 630 1882 τῆς
653 1799 823 1881 ὁμολογίας
846 1800 1007 1875 omittere,
1034 1801 1202 1880 quianon
1226 1799 1322 1863 codd.
1348 1800 1484 1879 optimis
1605 1869 1610 1876 .

251 1908 339 1983 insit,
380 1925 455 1970 cum
494 1906 679 1986 genetivum
717 1924 776 1985 pro
814 1907 965 1986 partitivo
1003 1906 1231 1986 accipiendum
1268 1923 1341 1970 esse
1378 1905 1479 1970 dicat.

251 2013 408 2093 Exempla
432 2021 519 2077 certe
547 2013 687 2094 genetivi
717 2013 763 2076 sic
793 2013 889 2092 positi
918 2011 1033 2076 allerre
1062 2011 1189 2088 debuit;
1224 2030 1301 2075 nam
1333 2012 1483 2104 reliquus
1610 1995 1611 2002 λ

251 2140 331 2184 usus
354 2119 585 2202 Thucydideus
623 2124 796 2199 repugnet,
836 2138 913 2182 cum
948 2118 983 2182 τὸ
1019 2119 1196 2201 παραυτίκα
1229 2137 1288 2198 pro
1321 2118 1481 2183 adverbio
1608 2105 1611 2110 ’

251 2227 376 2291 octiens
402 2225 443 2311 (v.
471 2222 625 2310 Betant.),
652 2226 848 2290 substantivi
872 2226 944 2289 vice
968 2224 1106 2306 fungens
1130 2225 1231 2289 semel
1261 2222 1324 2311 (ΙΙΙ,
1351 2225 1405 2301 56,
1433 2222 1479 2310 7),

249 2333 284 2396 τὸ
317 2335 419 2396 ἔπειτα
445 2352 529 2400 vero
561 2333 611 2396 bis
639 2338 766 2396 tantum
790 2333 889 2413 idque
913 2351 971 2412 pro
996 2332 1152 2396 adverbio
1177 2329 1242 2416 (IV,
1271 2331 1344 2406 107,
1374 2331 1407 2407 1;
1438 2331 1479 2408 V,
1605 2393 1609 2406 Χ

252 2437 326 2512 115,
342 2436 375 2522 4)
400 2440 542 2518 positum
567 2439 624 2511 sit;
651 2459 746 2502 usum
771 2438 899 2502 articuli
923 2439 1194 2520 periphrasticum
1218 2443 1350 2503 tuentur
1369 2438 1435 2502 loci
1455 2439 1478 2513 1,

253 2545 325 2616 ιιι,
344 2543 380 2620 2;
406 2544 443 2618 11,
461 2544 514 2621 oo,
535 2545 568 2616 t;
595 2545 632 2620 v,
651 2545 708 2620 aa
735 2545 788 2620 vr,
815 2545 868 2619 29,
898 2545 926 2607 1.
967 2545 1066 2610 Arne.
1092 2545 1128 2607 τι
1152 2550 1227 2625 post
1250 2568 1302 2607 ιι
1326 2542 1482 2610 innume
1605 2511 1612 2540 ⁸

250 2650 444 2715 intercidere
468 2651 614 2730 potuisse
638 2650 756 2715 elucet.

341 2756 401 2829 55,
428 2757 465 2832 Ι1.
505 2758 712 2838 γεγενημένον
749 2756 808 2838 μὲν
839 2762 895 2819 τοῦ
928 2757 977 2819 ἐπὶ
1009 2763 1046 2839 τῇ
1078 2758 1167 2839 νήσῳ
1198 2756 1344 2840 πάθους]
1386 2776 1479 2837 prae·

250 2863 446 2942 positionem
470 2863 529 2925 ἐπὶ
553 2879 610 2942 pro
634 2863 667 2925 ἐν
690 2863 830 2942 positam
855 2879 896 2926 eo
920 2863 1101 2927 excusabat
1125 2864 1158 2926 L.
1182 2863 1361 2938 Herbstius‚
1388 2865 1480 2944 quod

251 2971 350 3034 etiam
375 2987 523 3050 eaquae
548 2974 680 3049 propter
696 2967 934 3049 Sphacteriam‚
960 2970 994 3032 in
1019 2969 1110 3051 Pyle,
1136 2976 1227 3050 gesta
1250 2975 1360 3034 essent
1383 2970 1481 3051 signi·

250 3075 435 3139 ficarentur.
485 3074 550 3140 Sed
570 3075 765 3156 praestiterit
783 3093 859 3138 eum
882 3075 975 3139 laur.
998 3077 1035 3139 ἐν
1053 3083 1090 3159 τῇ
1109 3078 1198 3158 νήσῳ
1222 3075 1376 3155 scrihere,
1403 3095 1481 3140 cum
1609 3066 1612 3072 ’

250 3182 441 3262 praesertim
472 3182 506 3244 in
534 3182 690 3262 proximis
718 3181 789 3264 Pyli
817 3182 1011 3246 nominatim
1040 3183 1161 3246 mentio
1192 3181 1258 3246 fiat.
1308 3181 1483 3247 Consentit

250 3289 357 3353 Herw.
379 3324 424 3334 -
443 3286 520 3372 ln§
543 3288 562 3350 2
587 3288 689 3352 verba
710 3289 843 3370 μάλιστα
868 3289 906 3371 δὴ
931 3289 1133 3372 ὀκνηρότεραι
1157 3292 1237 3353 tuno
1254 3284 1480 3371 potissimum

251 3391 427 3459 tardiores
459 3395 577 3458 Portus
609 3396 715 3471 vertit,
750 3402 918 3475 tamquam
951 3396 979 3458 si
1010 3396 1141 3478 μάλιστα
1180 3395 1219 3477 δὴ
1259 3393 1339 3458 τότε
1377 3393 1480 3479 (quod

252 3501 416 3566 Herwerd.
452 3503 486 3564 in
519 3501 690 3574 Mnemos,
727 3521 758 3566 n.
794 3521 834 3577 s,
871 3503 882 3564 Ι
911 3521 942 3581 p.
975 3501 1017 3565 86
1047 3499 1199 3587 coniecit)
1230 3502 1387 3581 scriptum
1420 3503 1478 3579 sit;

250 3607 308 3671 sed
331 3607 464 3671 insolita
487 3607 720 3671 coniunctione
745 3608 960 3688 comparativi
989 3614 1020 3672 et
1049 3607 1238 3688 superlativi
1266 3605 1477 3687 significatur,

249 3714 474 3777 accessionem
499 3715 644 3794 segnitiei
670 3715 1007 3778 Lacedaemoniorum
1026 3720 1105 3777 tunc
1125 3711 1244 3778 factam
1265 3731 1363 3794 quam
1378 3713 1479 3778 maxi·

249 3837 335 3883 mam
365 3817 480 3896 luisse;
515 3838 618 3902 quare
645 3821 693 3884 sic
722 3826 880 3884 vertatur:
913 3817 1032 3903 reique
1055 3815 1236 3902 perenduc
1260 3816 1421 3894 tarditas
1448 3818 1483 3884 si

250 3944 405 4009 unquam
429 3929 520 4002 ante,
548 3924 705 3991 manime
728 3929 833 3992 ancta
857 3929 915 3990 est.

340 4031 398 4109 59,
422 4033 453 4095 4.
486 4069 530 4079 -
557 4033 611 4096 καὶ
638 4039 695 4096 νῦν
721 4032 802 4114 πρὸς
830 4033 982 4115 ἀλλήλους
1011 4033 1050 4096 δι’
1083 4033 1263 4114 ἀντιλογιῶν
1289 4034 1479 4115 πειρώμεθα

248 4138 493 4222 καταλλαγῆναι]
518 4139 659 4203 editores
683 4139 884 4204 recentiores
910 4137 1083 4223 (incertum
1107 4157 1149 4202 an
1175 4139 1272 4202 etiarn
1297 4139 1478 4224 Herwerd.)

249 4245 377 4310 Vallam
400 4246 505 4309 secuti
528 4245 619 4310 verbi
642 4246 829 4327 πειρώμεθα
853 4245 986 4309 modum
1012 4245 1259 4310 coniunctivum
1278 4263 1351 4310 esse
1371 4247 1478 4310 existi-

248 4357 349 4428 mant,
382 4371 480 4432 quem
503 4352 612 4416 verius
635 4352 850 4418 Heilmannus
874 4370 932 4432 pro
956 4352 1133 4416 indicativo
1157 4351 1312 4444 habuisse
1328 4352 1475 4438 videtur.

248 4458 393 4523 Primum
425 4460 514 4540 quod
547 4459 588 4522 ad
621 4457 759 4523 sormam
793 4459 898 4523 solam
931 4460 1058 4535 attinet,
1093 4477 1169 4522 cum
1197 4458 1333 4522 verbum
1363 4459 1479 4523 coristi
