3244 5060
736 341 778 406 37

149 515 272 581 luerit.»
323 516 514 583 Classenius
543 519 653 583 locum
682 520 729 583 sic
760 527 906 586 vertens:
939 539 1027 586 «was
1054 521 1122 585 ihm
1150 540 1209 586 aus
1233 519 1373 605 eipener

148 623 373 705 Vermuthung
395 625 673 690 wahrscheinlieh
696 644 784 690 war»
810 627 911 692 verba
935 628 1103 708 scriptoris
1127 647 1193 692 non
1218 636 1371 696 accurate

147 731 322 796 attendisse
345 731 487 809 videtum
514 731 657 796 Stahlius
683 732 943 798 Bloomfieldium
968 740 1102 800 secutus
1126 735 1167 799 ad
1190 735 1371 800 ramedIum

146 837 275 902 delendi
300 837 414 920 (λέγων
428 887 435 900 .
450 887 457 900 .
472 887 479 900 .
494 838 609 922 ἐδόκει)
635 839 788 915 decurrit,
814 857 1005 921 quanquam
1029 859 1088 905 cur
1112 843 1287 923 quiequam
1316 843 1370 906 ad·

147 945 301 1025 scriptum
330 945 371 1008 sit
399 946 531 1011 minine
559 945 671 1026 liquet.
721 943 786 1010 Sed
810 947 924 1027 partic.
950 948 1004 1011 καλ
1026 966 1067 1012 ex
1091 955 1169 1013 noto
1193 949 1250 1014 illc
1274 948 1370 1014 Grae·

147 1070 259 1116 corum
283 1071 345 1116 usu
369 1052 589 1133 intellegenda
613 1070 686 1117 esse
709 1053 847 1132 videtur,
874 1072 940 1134 quc
964 1072 1039 1118 cum
1059 1056 1188 1135 proprie
1208 1057 1249 1120 ad
1269 1073 1370 1121 enun-

146 1160 258 1224 tiatum
287 1157 578 1223 demonstraturum
608 1160 769 1241 pertineat
795 1161 829 1224 in
857 1161 1026 1226 enuntiato
1053 1161 1190 1226 relativo
1218 1167 1368 1242 ponatur,

147 1273 179 1330 ut
211 1284 330 1330 sensus
363 1265 416 1329 hic
449 1266 505 1329 sit:
539 1273 634 1330 ταῦτα
662 1267 716 1331 καλ
741 1268 852 1349 λόγων,
880 1269 900 1332 ἃ
924 1268 1012 1350 αὐτῷ
1035 1268 1152 1342 trionem
1182 1265 1224 1331 cl.
1251 1267 1368 1349 Krueg.

147 1391 280 1453 gramm.
316 1371 339 1459 ξ
372 1372 425 1450 69,
461 1372 504 1438 32
538 1375 613 1438 adn.
651 1373 691 1438 13
724 1381 755 1440 et
788 1376 908 1440 Herod.
944 1375 997 1452 VI,
1031 1375 1105 1440 102.
1139 1411 1183 1422 -
1215 1374 1302 1440 Infra
1337 1377 1372 1440 in

148 1479 249 1564 Vatia
276 1499 337 1560 pro
360 1481 610 1562 ττροφόόσαντας
632 1486 721 1546 extat
745 1483 957 1565 διαλαβόντας,
981 1500 1080 1562 quam
1104 1467 1298 1562 scripturam
1318 1482 1370 1547 vel

147 1593 334 1652 correctura
370 1587 510 1666 positam
547 1587 598 1652 vel
636 1605 653 1652 e
691 1588 826 1652 meliore
864 1586 954 1654 fonte
990 1588 1124 1654 ductam
1156 1607 1240 1666 esse,
1275 1589 1371 1669 quasi

148 1701 321 1774 utrumque
344 1693 441 1756 simul
465 1691 534 1756 fieri
557 1693 708 1772 potuerit,
735 1695 849 1758 dicens
872 1695 995 1776 recepit
1018 1694 1206 1760 Classenius
1236 1693 1288 1782 (cl.
1315 1696 1369 1760 ad-

149 1807 212 1864 not.
240 1797 338 1884 crit).
389 1797 452 1864 Sed
481 1818 547 1880 quo
571 1800 670 1864 modo
694 1800 826 1866 librario
850 1809 886 1866 ut
909 1821 967 1882 pro
992 1802 1196 1885 όταλαβόντας
1218 1803 1369 1884 προφθά-

148 1929 258 1976 ααντας
287 1904 444 1970 scriberet
471 1907 505 1969 in
534 1913 677 1971 mentem
706 1909 817 1972 venire
846 1909 997 1987 potuerit,
1029 1892 1227 1989 explicatum
1255 1909 1367 1984 velim3

21 2067 23 2086 ’
149 2065 261 2120 contra
280 2055 426 2121 Stahlius
445 2059 479 2120 in
498 2057 674 2140 archetypo
699 2056 850 2122 Vaticani
864 2015 1113 2184 nofflfflae
1137 2055 1169 2142 (i.
1191 2077 1219 2124 e.
1242 2076 1368 2122 correc-

148 2215 251 2274 turam
275 2209 327 2274 vel
352 2209 675 2289 interpretamentum
697 2206 978 2294 πραόταλαβόντας)
1007 2211 1163 2289 scripturn
1192 2207 1291 2274 fuisse
1319 2227 1368 2274 sa·

147 2317 317 2397 gacissime
342 2316 537 2396 suspicatur.
586 2315 657 2380 Hoc
686 2317 761 2380 loeo
790 2316 893 2380 Vatic.
925 2339 981 2398 γρ,
1010 2316 1065 2396 qui
1094 2314 1171 2379 alibi
1199 2314 1266 2380 fere
1293 2334 1369 2381 curn

149 2424 240 2488 Laur.
273 2422 447 2496 consentit,
481 2421 518 2484 τὰ
546 2422 724 2505 στενότερα
751 2430 797 2504 τῷ
824 2423 934 2505 χωρίῳ
961 2422 1084 2505 apocri.
1114 2422 1185 2504 φολ.
1216 2429 1368 2503 corrupte

148 2530 295 2609 praeben
331 2525 372 2592 cI.
398 2527 451 2603 53,
477 2527 513 2605 3;
549 2529 629 2606 VIII,
658 2529 693 2605 7;
728 2527 781 2606 30,
808 2528 838 2592 2.
864 2567 907 2575 -
932 2526 954 2614 ξ
978 2528 997 2592 2
1023 2529 1125 2592 Vatic.
1154 2530 1261 2592 minus
1285 2528 1369 2593 bene

148 2637 283 2718 slmplex
304 2637 525 2719 πατουμένους
548 2636 589 2700 de
613 2635 769 2700 militibus
793 2637 894 2717 quieti
918 2654 954 2700 se
978 2636 1130 2700 dantibus
1154 2635 1300 2712 exhibet;
1335 2637 1369 2698 in

148 2744 263 2808 eodem
286 2744 373 2826 ἔτυχε
396 2743 456 2826 γὰρ
475 2741 645 2825 Ἡράκλεια
667 2743 781 2826 ταύτην
803 2743 866 2806 κτλ.
890 2743 1047 2822 scriptum
1067 2749 1116 2806 est
1136 2741 1368 2823 (αὐτοῖςἩρα-

147 2852 214 2914 κλεῖ
232 2851 267 2914 in
291 2849 361 2932 pp),
386 2867 451 2930 qua
474 2867 509 2913 re
533 2867 627 2928 pron.
654 2849 758 2919 αὐτοῖς
781 2849 879 2929 paulo
904 2849 1088 2930 suspectius
1111 2847 1155 2910 iit.

238 2957 296 3032 tl,
323 2957 338 3019 1
364 2957 547 3021 temeritate
570 2973 651 3020 sane
673 2956 804 3020 Insolita
820 2954 964 3020 Stahlius
987 2954 1086 3019 verba
1100 2954 1154 3018 καὶ
1167 2953 1272 3036 ἐπειδὴ
1288 2962 1367 3018 tam-

148 3083 244 3144 quam
268 3063 410 3144 glossam
435 3062 610 3126 verborum
634 3062 688 3126 nal
711 3063 757 3132 τός
781 3059 840 3146 (sio
858 3063 974 3138 Vatic,
1000 3069 1035 3124 ut
1060 3060 1112 3136 75,
1134 3059 1165 3136 6,
1192 3058 1238 3131 ὥς
1257 3060 1365 3136 Laur,

149 3172 235 3251 quod
258 3171 292 3234 in
315 3172 362 3240 ὣς
385 3187 468 3234 corr.
495 3188 612 3234 manus
636 3166 717 3253 sec.)
742 3170 909 3248 expunxit,
936 3169 1029 3250 quasi
1054 3169 1208 3248 cuiquam
1231 3174 1268 3230 ut
1289 3166 1368 3230 talia

147 3279 410 3358 interpretaretur
428 3277 462 3346 in
481 3282 624 3340 mentem
643 3275 756 3340 venire
775 3276 926 3354 potuerit.
975 3273 1164 3338 Classcnius
1182 3274 1236 3338 καὶ
1255 3275 1301 3344 ὣς
1319 3291 1367 3337 re·

20 3431 22 3440 ,
148 3385 254 3450 tinans
278 3385 381 3446 «auch
405 3384 491 3446 nach
515 3382 622 3446 dieser
645 3389 754 3446 ersten
777 3381 1023 3446 verderblichen
1045 3381 1233 3462 ngerung»
1259 3382 1365 3457 vertit,

149 3492 234 3571 quod
258 3489 414 3554 adverbio
438 3489 535 3560 εὐθὺς
557 3489 644 3570 quod
670 3489 818 3570 sequitur
839 3496 1012 3570 repugnat;
1043 3488 1159 3551 melius
1184 3488 1367 3568 Kruegerus

153 3599 228 3661 «urie
248 3598 296 3662 sie
315 3598 401 3662 doch
420 3597 506 3660 nach
526 3597 584 3660 der
598 3596 789 3662 erhaItenen
804 3596 968 3677 Mahnung
986 3595 1101 3676 gesollt
1120 3595 1251 3658 h'atten»
1270 3595 1366 3658 inter·

149 3713 300 3784 pretatur,
327 3705 389 3768 nisi
413 3704 500 3784 quod
520 3703 621 3768 verba
640 3704 694 3766 καὶ
712 3706 759 3774 ὣς
777 3704 811 3766 in
832 3701 1005 3768 formulam
1020 3702 1184 3784 quandam
1199 3702 1367 3766 transiisse

149 3813 398 3876 existimandum
427 3817 476 3876 est
504 3807 686 3892 (altipeuel,
717 3827 855 3894 enpcnp
879 3847 922 3856 -
946 3805 1109 3888 chnelu'n,
1139 3805 1294 3887 einmcl),
1324 3805 1364 3871 cf.

150 3919 227 3994 VIII,
245 3917 299 3993 51,
317 3917 347 3992 2,
373 3916 430 3980 ubi
454 3919 533 3981 satis
556 3917 692 3982 ridicule
716 3935 756 3981 ea
779 3936 838 3996 pro
862 3917 985 3980 verbis:
1011 3916 1064 3980 καὶ
1086 3921 1141 3979 τοῦ
1159 3916 1298 3980 τοιούτου
1316 3914 1365 3997 μὴ

151 4027 317 4108 γενομένου
347 4023 536 4109 (praecessst
559 4025 594 4088 ἐκ
618 4029 672 4088 τοῦ
696 4022 848 4106 τοιούτου)
872 4024 978 4104 posita
1001 4040 1074 4088 esse
1097 4023 1221 4103 putavit
1244 4021 1364 4096 DukaS,

151 4139 179 4194 et
202 4132 253 4206 III,
280 4131 333 4209 33,
360 4131 390 4204 2,
424 4131 479 4194 ubi
508 4149 596 4195 nune
625 4130 716 4194 nullo
740 4148 822 4194 sano
847 4149 946 4195 sensu
970 4149 987 4194 e
1011 4129 1232 4209 superioribus
1255 4128 1367 4208 καίπερ

149 4239 314 4321 ἀτειχίστου
346 4239 443 4321 οὔσης
473 4245 527 4320 τῆς
553 4237 673 4307 Ἰωνίας
700 4238 840 4302 auditur.
876 4275 918 4284 -
951 4234 1036 4300 Infra
1063 4237 1159 4300 etiam
1193 4237 1227 4298 in
1261 4233 1363 4298 Vatis.

149 4345 367 4428 ἀναλαβόντες
390 4351 488 4419 extat,
524 4351 560 4407 ut
588 4344 667 4408 nihil
692 4344 884 4408 mutandum
908 4345 958 4420 sit,
994 4341 1034 4407 cI.
1061 4342 1172 4406 adnot.
1199 4327 1363 4421 Kruegeri.

149 4487 190 4496 -—
217 4450 240 4538 ξ
267 4451 287 4515 2
321 4459 396 4515 ante
428 4456 581 4534 ποταμῶν
613 4451 703 4514 artic.
737 4456 809 4524 τῶν,
843 4468 942 4531 quem
975 4468 1040 4515 om.
1077 4449 1193 4524 Vatic,
1228 4445 1366 4512 fortasse

151 4559 263 4624 melius
287 4559 390 4635 abest,
417 4557 457 4622 el.
483 4558 595 4622 adnot.
622 4559 692 4622 erit.
720 4555 844 4621 Stahlii.
