3244 5060
258 516 291 587 1;
318 514 348 592 5,
378 516 411 592 13
446 515 503 580 sed
537 520 612 596 post
642 521 689 596 τῷ
720 531 903 595 pronomen
936 512 1089 578 facillime
1117 514 1267 578 excidere
1296 513 1410 593 potuit,
1447 519 1479 576 et

255 624 386 702 saepius
418 625 452 685 in
483 622 541 686 tali
574 639 726 686 sermone
758 621 897 685 additur.
923 657 967 671 --
991 621 1027 685 ln
1059 621 1176 686 eodem
1207 619 1292 684 infra
1319 621 1350 684 εἴ
1366 621 1395 683 τί
1415 643 1479 684 πον

257 727 344 812 (cett.
371 731 402 793 εἴ
418 730 481 792 πού
504 727 541 814 τι)
568 729 729 806 scribitur,
756 726 797 792 ef.
819 728 872 804 69,
894 728 915 791 4
941 726 1009 814 (ubi
1029 729 1064 790 in
1083 727 1188 792 Vatie.
1215 733 1265 792 est
1287 729 1319 790 εἴ
1335 728 1398 790 πού
1421 726 1477 812 τι);

256 836 313 901 sed
339 854 367 900 c.
393 835 424 912 5,
451 835 471 900 3
505 854 620 901 omnes
653 838 684 900 εἴ
708 837 765 900 ποί
787 832 903 920 (Vatic.
940 841 1092 915 corrupte
1118 832 1193 920 που)
1221 857 1287 899 τινα
1311 834 1477 900 exhibent.

256 940 303 1005 Cf.
330 941 353 1018 Ι,
382 942 459 1015 132;
495 943 546 1018 ΙΙΙ,
574 942 627 1017 34,
653 943 684 1006 4.
733 942 818 1006 Ante
851 942 1084 1024 ξυστελλόμενοι
1112 943 1216 1006 Vatie.
1246 943 1355 1022 inepte
1383 943 1476 1006 artie.

256 1050 286 1110 ot
309 1049 407 1113 addit.
451 1048 537 1113 lnlra
559 1041 593 1112 in
617 1059 758 1130 utroque
780 1055 829 1115 est
853 1050 1120 1132 ἀποστήσωνταις
1146 1049 1235 1130 quod
1257 1055 1368 1114 tamen
1392 1049 1481 1128 apud
1605 1043 1606 1046 ’

257 1155 444 1220 διεσκόπουν
466 1157 704 1236 repudiandum
728 1163 788 1222 est.

347 1263 380 1341 5,
406 1264 421 1326 1
451 1263 553 1327 Vatia.
580 1264 665 1328 male
689 1265 735 1335 ὡς
757 1265 790 1335 ἐς
811 1265 1007 1346 τριακοσίους
1029 1263 1178 1344 praehet3
1208 1264 1295 1328 idem
1323 1263 1481 1327 mendum

256 1371 290 1433 in
314 1370 409 1433 Laur.
440 1369 493 1444 32,
525 1370 544 1434 2
576 1377 635 1436 θεῖ.
663 1408 703 1417 -
728 1371 765 1435 ln
792 1369 814 1456 ξ
838 1370 859 1434 3
883 1371 987 1434 Vatic.
1023 1370 1113 1434 solus
1145 1369 1260 1442 εὐθὺς
1291 1369 1483 1452 ἑκασταχόσε

258 1476 358 1547 δεινὸς
384 1485 498 1560 παρῆν,
526 1483 601 1542 θθῖῖ.
629 1477 740 1548 αὐτὸς
767 1477 957 1560 ἑκασταχόσε
979 1478 1041 1541 κτλ.
1066 1477 1230 1542 exhibent.
1279 1477 1358 1542 Utra
1381 1476 1480 1556 serip-
1607 1530 1608 1572 3

256 1590 329 1648 tura
361 1583 508 1648 bonitate
540 1590 692 1664 praestet,
728 1585 912 1648 addubitari
944 1591 1065 1664 potest;
1105 1585 1183 1648 mihi
1216 1585 1348 1665 quidem
1381 1584 1481 1664 paulo

257 1691 364 1771 aptius
387 1690 465 1772 Agis
498 1689 570 1773 ipsc
603 1708 725 1755 coram
758 1693 857 1755 sociis
890 1691 1009 1756 milites
1037 1691 1089 1756 vel
1117 1693 1292 1772 pecuniam
1314 1693 1481 1771 imperans

258 1798 527 1862 Lacedaemoniis
559 1800 593 1861 in
626 1799 706 1862 urhe
735 1799 938 1863 morantibus
963 1799 1084 1879 opponi
1106 1799 1243 1872 videtur,
1279 1804 1315 1862 ut
1338 1799 1480 1863 Lauren-

256 1905 346 1968 tiano
370 1903 468 1969 fidem
491 1906 649 1970 maiorem
672 1905 857 1970 hahendam
881 1923 954 1970 esse
979 1924 1143 1970 censeam.
1167 1943 1209 1952 -
1228 1907 1264 1969 ln
1287 1904 1310 1990 ξ
1330 1905 1351 1969 5
1374 1906 1480 1970 Vatic.
1608 1921 1609 1960 t

257 2018 333 2076 ante
355 2011 477 2094 τροφὴν
501 2029 541 2076 ex
564 2013 831 2092 interpretatione
855 2012 966 2095 ἱκανὴν
989 2013 1089 2086 addit,
1116 2011 1156 2076 cl.
1183 2033 1211 2078 o.
1239 2012 1292 2089 58,
1318 2011 1350 2076 5.
1395 2010 1483 2077 lnlra

258 2120 291 2181 in
315 2124 391 2183 cett.
417 2137 476 2200 pro
500 2120 679 2184 ἀποκτενεῖν
702 2127 751 2184 θεῖ
774 2121 971 2194 ἀποκτείνειν,
994 2121 1029 2183 in
1054 2120 1158 2184 Vatic.
1184 2121 1369 2183 ἀποκτεῖναι.

348 2227 380 2304 (i,
407 2226 423 2288 1
449 2227 480 2290 in
506 2227 611 2290 Vatie.
647 2235 696 2292 θεῖ
728 2227 807 2309 ὑπὲρ
841 2227 906 2310 (τὸν
938 2227 1033 2290 αὐτὸν
1064 2226 1199 2309 καιρὸν),
1232 2227 1321 2307 quod
1349 2245 1389 2290 ex
1417 2226 1481 2290 ὑπὸ

258 2341 446 2413 corruptum
471 2353 544 2398 esse
568 2335 707 2399 videtur.
733 2371 777 2380 -—
800 2332 823 2419 ξ
847 2334 867 2398 3
891 2341 966 2398 ante
989 2334 1092 2399 verba
1114 2335 1146 2404 ἐς
1167 2333 1203 2396 τὰ
1226 2334 1367 2416 μάλιστα,
1395 2351 1482 2414 quae
1609 2329 1610 2340 ’

257 2443 329 2521 ipsa
356 2441 615 2524 ὑπερβαλλόντως
642 2443 751 2506 valere
775 2442 853 2505 dicit
876 2441 993 2517 schol,
1023 2442 1058 2504 in
1083 2441 1184 2504 Vallo.
1213 2441 1342 2504 additur
1363 2441 1478 2520 partic.

257 2548 319 2620 καὶ,
353 2565 418 2628 qua
450 2566 558 2611 sermo
592 2549 711 2611 nimius
744 2547 789 2611 lit.
816 2546 904 2634 -ξ
931 2549 952 2612 4
985 2549 1098 2628 partic.
1134 2549 1168 2620 εἰ,
1201 2565 1285 2627 quae
1313 2548 1346 2610 in
1371 2547 1478 2611 Vatic.

258 2661 332 2735 post
362 2652 456 2716 τᾶλλα
488 2655 653 2734 repetitur,
689 2661 820 2734 propter
847 2655 1100 2718 collocationem
1124 2654 1303 2734 particulae
1325 2678 1357 2717 τε
1380 2654 1480 2719 mole·

258 2763 338 2824 stior
361 2768 421 2825 est.
470 2761 558 2824 ldem
582 2761 702 2824 rectius
726 2762 760 2824 in
783 2759 805 2846 ξ
829 2759 849 2824 5
873 2759 932 2825 fut.
957 2763 1094 2843 πέμψειν
1118 2759 1171 2848 (οῖ.
1198 2762 1240 2825 ad
1260 2761 1325 2836 Vll,
1352 2761 1405 2838 83,
1432 2761 1477 2848 4),

258 2867 316 2932 sed
354 2866 437 2931 inlra
476 2865 563 2952 (cum
597 2865 690 2952 ltalo)
728 2886 786 2947 pro
825 2867 897 2931 δέον
933 2865 1071 2932 formam
1107 2868 1322 2932 recentiorem
1357 2868 1481 2938 δέοντος

257 2974 399 3039 exhibet.
664 2967 668 2974 ’

351 3081 369 3146 7
396 3082 499 3145 Vatia.
526 3081 617 3144 solus
640 3081 707 3163 ἅμα
729 3080 763 3144 δὲ
780 3088 827 3162 τῷ
844 3079 897 3164 ἦρι
913 3087 969 3144 τοῦ
988 3082 1221 3164 ἐπιγιγνομένου
1239 3082 1357 3164 θέρους
1375 3082 1480 3157 εὐθὺς,

261 3197 336 3253 cett.
366 3186 410 3272 (et
433 3189 538 3253 Vatic.
565 3190 599 3252 in
623 3185 682 3273 γρ.)
706 3193 760 3252 τοῦ
785 3188 815 3251 δ’
840 3189 916 3271 incy.
939 3190 972 3252 d.
995 3187 1092 3260 εὐθὺς
1115 3187 1282 3269 praebent.
1331 3189 1482 3254 Pleniore

258 3294 398 3359 formula
421 3294 628 3377 Thucydides
652 3295 730 3358 alibi
755 3292 831 3380 (vid.
849 3295 960 3359 adnot.
979 3292 1106 3381 Stahlii)
1130 3295 1231 3358 utitur
1252 3295 1306 3360 ille
1330 3297 1477 3376 quidem

258 3403 316 3467 sed
340 3421 415 3466 cum
439 3402 518 3465 nihil
542 3421 615 3467 esse
638 3403 796 3478 videatur,
827 3421 886 3466 cur
908 3402 1010 3466 verba
1032 3404 1099 3485 ἅμα
1121 3410 1168 3484 τῷ
1189 3401 1242 3485 ἦρι
1264 3401 1394 3467 abiecta
1417 3403 1481 3466 sint

260 3509 324 3594 (vix
357 3510 443 3574 enim
477 3510 630 3590 cuiquam
665 3526 726 3573 nar
749 3505 891 3574 aestatis
915 3507 1086 3573 ollensioni
1116 3526 1189 3573 esse
1217 3515 1354 3589 poterat,
1391 3511 1479 3591 quod

257 3615 358 3680 fuisse
395 3617 580 3696 suspicatur
613 3613 780 3700 Stahlius),
819 3615 930 3679 locum
966 3633 987 3678 a
1022 3627 1208 3680 correctore
1245 3615 1479 3696 amplificatum

258 3741 331 3786 esse
364 3724 472 3803 potius
505 3722 709 3788 crediderim.
757 3719 843 3786 lnlra
871 3722 1074 3786 restituenda
1097 3731 1146 3786 est
1169 3723 1344 3788 collocatio
1368 3725 1479 3804 exqui-

259 3828 349 3892 sitior
373 3829 582 3894 Laurentiani
613 3829 731 3911 ἄνδρας
753 3828 951 3911 Σπαρτιάτας
982 3829 1014 3899 ἐς
1045 3829 1207 3912 Κόρινθον
1238 3836 1326 3913 τρεῖς,
1358 3827 1399 3894 ef.
1426 3831 1477 3906 ΙΙΙ,

258 3934 311 4007 35,
341 3936 374 4000 1:
409 3935 573 4000 Σάλαιθον
604 3936 713 4018 λαβὼν
745 3937 778 3999 ἓν
808 3941 845 4018 τῇ
876 3936 964 3999 πόλει
989 3935 1043 4000 τὸν
1065 3937 1318 4020 Λακεδαιμόνιον
1340 3961 1479 4020 κεκρομ·

257 4044 369 4124 μένονς
404 4044 438 4105 in
472 4044 576 4108 Vatic.
611 4043 712 4107 verba
743 4043 776 4114 ἐς
805 4042 968 4124 Κόρινθον
1000 4044 1184 4124 anteposita
1215 4051 1301 4120 sunt,
1336 4052 1371 4107 ut
1402 4051 1481 4126 τρεῖς

259 4167 333 4212 cum
362 4149 567 4215 substantivo
595 4149 857 4230 coniungeretur.
885 4185 926 4194 -
951 4148 1151 4230 Scripturam
1178 4155 1242 4214 τῶν
1270 4153 1480 4234 ξομμαχικῶν

258 4252 696 4340 (ιΒιιηιῖεοοοαῖῖορεοῖαν)
732 4256 806 4320 loco
839 4255 1067 4336 Xenophontis
1106 4255 1235 4341 (Cyrop.
1270 4257 1321 4331 111,
1357 4256 1388 4332 3,
1426 4255 1477 4342 12)

259 4364 338 4428 satis
371 4362 501 4430 defendi
532 4370 622 4429 reete
655 4363 825 4427 adnotavit
857 4363 1050 4444 Kruegerua
1100 4362 1288 4428 Classenius
1320 4383 1338 4428 e
1371 4364 1475 4429 Vatic.

256 4475 320 4533 τῶν
347 4472 590 4554 ξυμμαχίόων,
624 4487 709 4550 quae
740 4471 900 4551 scriptura
922 4469 1039 4550 plurali
1063 4473 1273 4552 ξυμμαχικῶν
1296 4489 1363 4534 non
1386 4472 1476 4536 intel·

259 4577 354 4652 lecto,
391 4576 527 4642 tortasse
552 4593 570 4640 e
593 4595 622 4639 c.
649 4576 702 4652 23,
733 4577 764 4652 5,
799 4577 968 4656 irrepsisse
999 4575 1135 4650 videtur,
1170 4577 1308 4656 recepit;
1344 4578 1401 4642 sed
1425 4579 1478 4642 vix
