3244 5060
833 325 876 390 28

244 499 305 577 ὧν;
332 503 372 566 ad
397 503 443 572 ὡς
466 521 543 566 vero
568 503 700 582 propius
724 503 851 567 accedit
869 503 1002 584 pluralis
1021 503 1075 576 οἷς,
1094 505 1180 584 quod
1197 504 1375 586 Madvigius
1394 507 1466 585 ipse

245 610 393 672 coniecit.
446 607 603 693 [Gertzins
628 609 788 690 δείμασιν,
814 605 875 691 (ἐν)
900 607 930 691 ᾧ
952 610 1013 672 κτλ.
1033 629 1062 674 c.
1085 610 1137 685 80,
1160 610 1180 673 3
1200 611 1274 674 coll.
1297 610 1463 697 coniecit]

333 715 393 788 le,
420 716 436 777 1
461 716 494 777 in
509 715 613 779 Vatic.
640 721 715 779 ante
738 715 772 778 τὸ
795 716 989 798 βουλόμενον
1008 717 1081 779 adv.
1103 740 1176 780 που
1196 718 1333 792 additur,
1360 735 1465 804 eiquo

244 821 337 885 Dion.
370 820 460 885 Cass,
492 821 587 897 XLV,
623 822 653 898 8,
688 822 709 884 4
742 822 817 885 coll.
852 821 947 886 πολὺ
980 821 1085 886 effecit
1114 823 1338 896 Linwoodius;
1373 820 1468 889 alleri

245 927 389 992 Stahlius
413 927 522 991 locum
545 927 711 992 Plutarchi
736 927 817 1013 (Nic.
845 926 912 1017 21),
947 929 1041 992 cuius
1073 936 1183 993 tamen
1216 930 1467 1013 remediatore

245 1035 304 1098 οὐκ
319 1033 426 1116 ὀλίγοι)
447 1053 513 1098 non
534 1035 641 1098 minus
661 1034 744 1100 bene
764 1036 974 1100 coniecturae
990 1035 1205 1100 Bloomfieldii
1223 1061 1253 1099 τι
1271 1037 1468 1119 βουλόμενον

247 1139 299 1225 (cf.
332 1159 360 1204 c.
391 1141 444 1217 48,
475 1139 507 1226 2)
542 1141 752 1204 conveniunt.
802 1140 867 1205 Sed
900 1142 991 1204 artic.
1026 1141 1061 1205 τὸ
1094 1160 1143 1212 ec.
1180 1143 1267 1223 quod
1299 1162 1328 1206 c.
1358 1143 1412 1219 48,
1445 1143 1465 1206 2

243 1249 325 1312 haec
350 1246 632 1329 Syracusanorum
661 1245 759 1312 factio
784 1254 1041 1312 commemorata
1064 1257 1123 1325 est,
1157 1250 1234 1312 satis
1258 1248 1388 1313 delendi
1411 1268 1466 1314 ex-

243 1355 362 1418 istimo.
389 1391 431 1400 -
455 1351 541 1416 Infra
573 1355 606 1416 in
639 1355 713 1418 loco
746 1359 900 1434 corrupto
934 1353 965 1439 (ἢ
997 1355 1150 1438 πρότερον
1177 1357 1330 1438 θαρσήσει
1354 1357 1464 1432 haur,

242 1462 378 1543 θαρρῶν
401 1463 420 1543 ἢ
443 1461 596 1542 πρότερον
619 1461 776 1543 ἐθάρσησε
799 1459 918 1546 Vatic.)
942 1462 1084 1543 μᾶλλον
1107 1469 1181 1542 post
1204 1464 1280 1545 ἅμα
1304 1463 1467 1527 excidisse

244 1569 393 1648 suspicor
422 1564 547 1652 (praeiit
571 1567 753 1644 VelseniuS,
785 1567 897 1630 sched.
923 1568 992 1631 crit.
1019 1587 1050 1648 p.
1076 1567 1130 1645 46,
1161 1569 1225 1633 alia
1248 1569 1464 1654 coniectans),

231 1675 275 1737 ‘id
309 1674 397 1754 quod
430 1680 462 1736 et
494 1673 715 1736 additamento
740 1674 891 1737 Vaticani
917 1675 1053 1756 θσῤῥιῖνν
1076 1682 1108 1739 et
1136 1677 1346 1740 adnotatione
1371 1676 1466 1741 scho'·

243 1782 373 1844 liastae:
407 1781 572 1863 θαρσήσας
603 1787 659 1843 νῦν
692 1781 833 1864 δηλονότι
862 1782 982 1862 μᾶλλον
1004 1784 1023 1863 ἢ
1046 1782 1199 1864 πρότερον
1222 1782 1390 1865 κρατηθεὶς
1412 1784 1467 1846 καὶ

242 1887 382 1970 νικηθεὶς
405 1888 473 1951 veri
496 1887 600 1950 simile
624 1886 674 1960 fit;
701 1888 758 1951 sed
786 1888 872 1951 male
896 1888 999 1951 schol.
1026 1889 1139 1968 partic.
1166 1890 1342 1972 κρατηθεὶς,
1376 1891 1466 1969 quod

243 2013 319 2057 cum
352 1994 509 2076 ἐθάρσησε
541 1995 741 2073 iungendum
774 2001 837 2069 est,
873 2013 948 2058 cum
980 1995 1133 2076 πρότερον
1165 1996 1318 2076 coniungi
1348 1995 1463 2072 voluit,

243 2101 330 2181 quod
362 2118 419 2179 per
448 2100 699 2164 collocationem
727 2101 902 2164 verborum
930 2101 999 2165 fieri
1023 2119 1090 2164 non
1114 2102 1198 2165 licet.
1248 2101 1467 2166 Scribendum

242 2208 336 2287 igitur
364 2212 458 2286 puto:
491 2207 545 2270 καὶ
572 2208 639 2289 ἅμα
665 2206 807 2289 (μᾶλλον)
832 2214 897 2277 ταῖς
920 2213 996 2289 γοῦν
1018 2208 1126 2270 ναυσὶν
1148 2211 1168 2290 ἢ
1191 2208 1344 2290 πρότερον
1366 2209 1466 2291 ἐθάρ-

242 2337 316 2396 σησε
339 2313 514 2396 κρατηθεὶς,
539 2315 572 2376 et
593 2310 697 2376 simul
720 2310 829 2399 (terra)
857 2311 964 2378 uictus
985 2311 1098 2396 σισρίε
1118 2311 1154 2377 in
1173 2311 1322 2378 nauibus
1342 2311 1467 2378 saltem

243 2439 349 2503 quum
376 2425 480 2483 antea
496 2415 679 2508 fiduciam
697 2417 823 2502 posuit,
857 2421 919 2483 nisi
946 2420 1028 2485 forte
1052 2421 1220 2504 κρατηθεὶς
1242 2421 1352 2501 glossa
1374 2422 1467 2485 verbi

242 2527 395 2608 πρότερον
425 2532 484 2590 est.
538 2525 695 2610 [Gertzius
727 2527 780 2589 καὶ
811 2528 878 2608 ἅμα
909 2534 974 2597 ταῖς
1006 2533 1082 2608 γοῦν
1113 2529 1228 2600 ναυσίν,
1260 2525 1282 2611 ᾖ
1312 2528 1468 2610 πρότερον

246 2631 298 2719 (ef.
324 2633 355 2709 4,
382 2629 426 2717 4),
462 2633 589 2714 ἕθάρσει
621 2635 803 2715 κρατήσειν
835 2634 989 2706 coniecit;
1024 2635 1188 2716 κρατήσειν
1216 2634 1281 2697 iam
1305 2634 1463 2698 Badham.

243 2737 435 2824 invenerat]
463 2777 506 2784 —
528 2737 589 2824 §2
613 2740 646 2802 in
670 2739 774 2802 Vatic.
800 2757 859 2818 pro
884 2739 986 2804 altero
1010 2741 1042 2810 ἐς
1065 2741 1106 2804 ad
1131 2759 1315 2805 sermonem
1338 2742 1465 2805 varian-

225 2849 331 2923 dum,
367 2846 483 2927 opinor
517 2844 569 2932 (cl.
596 2846 627 2922 2,
654 2845 690 2918 3;
717 2844 769 2920 70,
796 2842 840 2930 8),
875 2846 956 2928 πρὸς
979 2846 1134 2926 scriptum
1158 2854 1218 2911 est.
1267 2845 1353 2910 Infra
1375 2854 1466 2913 recte

243 2955 425 3037 θρέψονται
462 2954 611 3034 praebet;
651 2959 725 3032 post
762 2952 863 3016 verba
898 2953 1017 3035 μᾶλλόν
1049 2954 1109 3017 ἐστι
1141 2954 1467 3034 interpretamentum

243 3062 350 3144 ὥσπερ
383 3067 439 3124 νῦν
470 3061 607 3140 irrepsit.
633 3097 677 3106 -
700 3059 736 3122 ln
758 3057 781 3144 ξ
804 3058 824 3122 3
849 3060 943 3123 haur.
976 3059 1093 3124 melius
1121 3061 1337 3133 ἐξανίστασθαι
1365 3077 1466 3140 quam

243 3167 346 3231 Vatic.
384 3165 471 3253 (cum
503 3165 553 3253 lt.)
588 3167 763 3240 ἐξίστασθαι
796 3163 998 3248 (eaecedere)
1032 3167 1172 3232 exhibet.
1205 3203 1245 3212 —-
1274 3165 1296 3251 ξ
1323 3167 1344 3230 4
1372 3185 1464 3246 prae·

243 3271 377 3338 ferenda
406 3281 455 3337 est
483 3274 643 3354 scriptura
668 3274 875 3338 Laurentiani
903 3275 1072 3356 ἐνεγένετο,
1100 3273 1142 3338 cf.
1169 3274 1205 3350 ll,
1232 3273 1284 3349 22,
1311 3273 1331 3336 2
1356 3271 1464 3354 (ἱστιο-

242 3382 340 3463 μαχία
363 3405 406 3450 τις
429 3381 475 3463 ἐ),
510 3381 566 3444 ubi
594 3387 626 3445 et
655 3382 749 3444 haur.
777 3386 807 3444 et
832 3381 936 3444 Vatic.
963 3399 1035 3444 eam
1059 3381 1231 3462 praebent;
1267 3380 1464 3460 praepositio

242 3487 339 3551 huius
361 3487 453 3552 verbi
476 3488 572 3552 etiam
597 3488 677 3563 Vlll‚
704 3488 735 3562 9,
762 3487 781 3550 2
805 3487 839 3549 in
863 3488 966 3550 Vatic.
994 3488 1159 3551 omittitur.

334 3595 393 3673 bt),
419 3594 435 3657 1
461 3573 577 3669 Vatia,
611 3599 840 3674 praeterquam
863 3593 951 3673 quod
975 3595 1087 3671 partio.
1113 3618 1144 3656 τε
1167 3593 1294 3669 omittit,
1325 3591 1464 3659 fortasse

243 3702 364 3764 rectius
396 3701 491 3784 ἄλλην
522 3701 664 3782 στρατιὰν
695 3702 779 3783 ἔχων
810 3699 927 3782 πολλὴν
960 3701 1098 3764 exhibet.
1130 3737 1172 3746 —
1199 3698 1222 3785 ξ
1249 3700 1268 3763 2
1301 3701 1334 3762 in
1366 3701 1460 3764 baur.

244 3812 375 3887 propter
399 3807 519 3872 δόντων
542 3808 630 3888 quod
655 3807 801 3887 sequitur
819 3806 1039 3889 ἀπενεχθέντες
1057 3807 1090 3870 in
1110 3831 1188 3870 -των
1206 3813 1366 3871 mutatum
1385 3807 1463 3872 εεῖ.1

302 4081 303 4087 ,
335 4035 451 4090 ¹Simili
480 4037 545 4091 vitio
564 4037 583 4102 Ι,
604 4036 700 4106 taut>
723 4035 800 4091 codd.
820 4041 928 4104 praeter
946 4035 974 4090 C.
995 4042 1022 4090 et
1041 4036 1072 4092 G.
1101 4037 1192 4092 inlecti
1217 4043 1288 4103 sunt,
1317 4037 1390 4107 quod
1408 4053 1463 4092 am-

79 4167 85 4181 .
148 4199 150 4204 ¹
243 4125 324 4194 plecti
350 4141 406 4179 non
433 4124 527 4180 debuit
546 4126 679 4189 Statilium
708 4141 772 4179 nam
800 4129 861 4194 post
889 4126 1035 4198 genetivos'
1055 4125 1235 4194 ἀβουλοτέρων
1262 4133 1315 4179 τῶν
1341 4125 1465 4180 ἐναντίων

244 4216 330 4268 multo
345 4214 464 4283 ‘facilius
491 4215 599 4282 τυχόντα
626 4215 655 4268 in
682 4215 813 4281 τυχόντων
841 4229 922 4283 quam
951 4215 1003 4268 hoc
1025 4214 1054 4268 in
1077 4215 1143 4269 illud
1161 4215 1276 4270 transire
1295 4216 1416 4284 potuisse
1435 4216 1464 4271 in

244 4303 393 4372 conspicuo
418 4308 468 4358 est.
506 4304 584 4372 Quod
612 4319 677 4358 vero
705 4304 740 4357 ad
768 4302 932 4357 senteutiam
961 4302 1064 4367 attinet,
1092 4305 1290 4372 prosopopoeia
1316 4307 1463 4360 verborum

242 4391 324 4445 πολλὰ
350 4392 499 4460 γνωσθέντα
527 4422 559 4432 -
589 4393 697 4460 τυχόντα
725 4409 773 4460 pro
800 4390 889 4444 πολλοὶ
916 4392 1017 4458 γνόντες
1045 4421 1077 4429 -
1104 4393 1222 4458 τυχόντες
1249 4393 1398 4462 positorum
1428 4411 1463 4450 ea

244 4497 352 4549 quaec.
369 4480 427 4548 110,
444 4482 458 4536 1
478 4481 614 4537 invenitur
632 4498 688 4536 non
706 4481 812 4550 gravior
830 4485 880 4550 est,
899 4497 988 4548 neque
1008 4481 1120 4533 verbum
1140 4480 1273 4548 τυγχάνειν
1292 4499 1353 4536 cum
1373 4489 1462 4552 genet.

244 4569 418 4624 coniunctum
437 4569 549 4624 notione
560 4573 684 4638 fortuiti
702 4571 860 4638 (nancisci)
880 4575 961 4623 caret.
