3262 5052
856 343 918 408 118

278 518 368 582 tione
390 513 559 602 fallendi,
592 515 726 584 latendi
757 521 939 601 praeditum
972 521 1167 586 eliciendum
1200 538 1272 584 esse
1305 519 1514 598 putaverim;

279 625 464 703 proximum
488 624 584 689 fuerit
606 627 745 707 ἄθροοι
768 625 859 707 (sine
882 624 1051 711 tumultu),
1078 626 1166 707 quod
1189 626 1276 706 apud
1300 624 1517 688 Eustathium

282 728 325 814 (p.
364 730 460 807 1387,
498 731 550 818 10)
585 739 683 798 extat.
745 733 780 796 Id
813 735 919 798 solum
953 732 1101 808 offendit,
1136 733 1225 812 quod
1257 732 1343 811 apud
1376 729 1513 810 imperf.

282 837 451 919 ἐτύγχανον
482 839 597 918 partic.
625 837 749 903 coristi
776 859 834 921 pro
863 841 976 922 partic.
1004 837 1136 920 perfecti
1160 838 1339 902 insolenter
1361 839 1517 918 positum

278 948 337 1007 est.
388 943 511 1008 Locum
543 946 640 1026 igitur
672 947 719 1010 sic
752 955 859 1012 verto:
895 942 1147 1011 Ambraciotoe
1178 947 1295 1010 autem
1327 947 1358 1009 et
1388 941 1512 1018 ceteri,

280 1045 340 1132 qui
371 1068 440 1112 non
474 1069 551 1116 oum
586 1047 640 1115 bis
672 1049 806 1117 silentio
840 1072 886 1118 en
918 1050 1005 1118 urbe
1037 1049 1168 1136 egressi
1200 1053 1314 1128 erant,
1355 1046 1420 1116 ubi
1456 1067 1516 1113 eos

278 1151 378 1220 obire
404 1153 574 1233 uiderunt,
602 1163 632 1222 et
656 1156 723 1241 ipsi
737 1157 923 1242 progressi
944 1162 1026 1226 sunt
1047 1166 1109 1224 cet.

372 1261 454 1336 114,
490 1265 518 1326 1.
553 1265 629 1346 μετὰ
661 1265 717 1348 τὴν
748 1273 802 1349 τῆς
824 1266 978 1337 Αἰτωλίας
1009 1265 1198 1348 ξυμφορὰν]
1230 1264 1346 1328 melius
1379 1265 1425 1328 ἐκ
1459 1270 1516 1346 τῆς

277 1368 440 1443 Αἰτωλίας,
473 1371 561 1451 quod
590 1371 684 1436 Laur.
716 1379 748 1438 et
775 1373 844 1437 Pal.
876 1372 1044 1453 praebent,
1080 1373 1259 1452 scripseris,
1294 1369 1335 1434 cf.
1364 1370 1444 1444 102,
1474 1370 1511 1442 3;

278 1492 355 1538 nam
388 1494 537 1556 praepos.
571 1479 607 1541 ἐκ
639 1479 919 1559 interpretamenti
956 1479 1031 1543 loco
1067 1473 1236 1559 irrepsisse
1268 1477 1337 1542 veri
1369 1477 1512 1540 minime

277 1581 382 1646 simile
408 1589 467 1658 est,
494 1603 570 1647 cum
593 1585 784 1665 interpretes
808 1587 917 1667 potius
940 1587 978 1649 ἐν
994 1592 1031 1668 τῇ
1050 1585 1188 1666 Αῑτωλλᾳ
1211 1583 1348 1664 posituri
1369 1581 1509 1658 fuerint,

277 1686 309 1750 id
335 1688 422 1767 qnod
445 1690 479 1752 in
503 1691 598 1754 codd.
626 1681 806 1755 deterrimis
830 1690 951 1757 lactum
976 1697 1034 1756 est.

370 1793 451 1868 115,
475 1795 506 1860 3.
533 1799 564 1860 οἷ
581 1797 641 1880 γὰρ
660 1799 693 1861 ἐν
706 1798 834 1880 Σικελίᾳ
853 1799 1014 1882 ξύμμαχοι
1031 1799 1257 1868 πλεύσαντες
1275 1798 1403 1860 ἔπεισαν
1424 1795 1510 1878 κτλ]

277 1901 390 1966 nescio
422 1920 465 1966 an
497 1905 714 1986 πέμψαντες
746 1905 955 1970 scribendum
988 1905 1038 1981 sit,
1074 1903 1115 1968 cs.
1142 1922 1171 1967 c.
1198 1889 1298 1978 86,’3
1331 1908 1364 1967 et
1399 1903 1509 1966 simile

277 2007 429 2072 codicum
453 2011 608 2075 mendum
633 2012 685 2088 Vl,
707 2011 760 2087 62,
782 2012 813 2076 5.
835 2011 920 2098 -ξ
946 2012 967 2076 6
990 2013 1023 2075 in
1048 2011 1142 2074 Lanr.
1171 2007 1264 2094 (Pal,
1291 2007 1389 2095 Aug.)
1417 2017 1509 2074 certe

277 2132 345 2178 non
368 2116 509 2181 deterius
532 2119 747 2202 ἀπεχώρησεν
770 2121 926 2199 scriptum
950 2125 1009 2183 est.

369 2221 450 2296 116,
477 2225 492 2288 1
518 2231 648 2305 praeter
665 2225 794 2290 Monac.
812 2227 906 2289 haur.
932 2243 1063 2307 quoque
1088 2224 1218 2288 exhibet
1240 2223 1312 2286 ὑπὸ
1333 2230 1370 2306 τῇ
1397 2225 1507 2305 Αἴτνῃ,

277 2346 376 2408 quam
400 2331 593 2410 scripturam
616 2339 715 2403 recte,
742 2333 868 2412 opInor,
895 2331 1074 2396 Meinekius
1099 2328 1145 2414 (In
1167 2330 1276 2394 Herm.
1303 2330 1367 2394 vol.
1400 2331 1442 2395 Ill
1472 2349 1503 2410 p.

277 2432 355 2518 354)
382 2434 526 2500 defendit
549 2445 581 2502 et
605 2438 770 2503 Herwerd.
796 2439 928 2518 recepit.

783 2671 995 2678 ——-——

675 2917 679 2924 ἡ
801 2829 902 2892 Lissa
926 2828 978 2892 IV.

367 2967 401 3040 2,
431 2967 462 3032 3.
497 2969 551 3032 καὶ
577 2969 843 3053 Πελοποννησίων
871 2971 982 3034 αὐτόσε
1009 2977 1080 3053 νῆες
1107 2971 1258 3053 ἑξήκοντα
1285 2967 1504 3050 παρεπεπλεύ-
1612 2961 1613 2966 “

275 3073 390 3156 κεσαν]
410 3073 498 3138 haud
518 3076 586 3140 solo
606 3094 649 3140 au
665 3074 834 3141 Classenio
852 3077 1157 3159 προεπεαλεύκεααν
1176 3076 1329 3141 scribenti
1349 3073 1503 3141 assentiri

276 3198 344 3243 nou
368 3199 506 3246 necesse
529 3183 585 3256 sit;
612 3183 819 3266 Thucydides
843 3185 930 3249 enim
954 3184 1145 3264 saepissime
1168 3183 1305 3249 verbum
1327 3181 1504 3263 παραπλεῖν

276 3286 316 3350 de
350 3287 556 3368 navigatione
588 3296 718 3371 praeter
750 3309 842 3354 oram
874 3291 1017 3372 aliquam
1047 3289 1133 3354 lacta
1156 3290 1247 3371 ponit
1271 3287 1324 3376 (ef.
1351 3289 1393 3352 ad
1419 3285 1500 3358 VIII,

278 3393 351 3469 101,
378 3392 422 3479 3),
458 3413 565 3476 neque
598 3397 626 3459 si
658 3415 757 3478 supra
789 3399 853 3462 hoo
886 3397 1022 3464 verbum
1055 3397 1186 3477 proprIo
1215 3415 1315 3461 sensu
1341 3400 1501 3478 proeter-

277 3495 428 3565 uebendi
455 3499 499 3586 (ln
528 3520 594 3582 quo
623 3503 749 3569 scilicet
777 3505 868 3568 notin
886 3507 1044 3588 praeter·
1069 3501 1246 3588 praevalet)
1272 3503 1414 3582 positum
1439 3505 1499 3568 est.

274 3607 349 3671 ideo
380 3609 443 3673 hoc
471 3609 546 3672 loco
575 3611 709 3675 notione
741 3611 875 3691 paulum
898 3611 1068 3674 immutata
1092 3627 1165 3674 esse
1189 3627 1256 3673 non
1278 3614 1396 3690 potest,
1433 3624 1500 3670 om·

276 3731 418 3796 nemque
443 3715 686 3797 ambiguitatem
710 3717 823 3792 αὐτόσε
845 3717 990 3780 additum
1014 3716 1107 3780 tollit.
1148 3715 1242 3795 Quod
1266 3721 1375 3779 autem
1399 3727 1501 3778 naves

275 3818 578 3900 Peloponnesiacae
614 3821 698 3887 infra
736 3821 776 3908 (c.
808 3822 838 3899 3,
872 3821 902 3908 1)
936 3823 1001 3886 iam
1035 3821 1197 3904 Corcyrae
1230 3839 1303 3886 esse
1335 3821 1497 3890 dicuntur,

275 3925 535 4007 PeloponnesIos
559 3929 814 3995 Atheniensibus
841 3929 1049 4010 praevenisse
1077 3925 1397 4010 plusquamperfecto
1421 3923 1500 3990 satIs

275 4032 477 4098 declaratum
509 4043 568 4098 est.
595 4073 639 4082 —
662 4036 698 4099 ln
726 4034 792 4121 §4
823 4055 882 4117 pro
916 4034 1023 4100 verbis
1056 4038 1095 4118 ἢν
1126 4035 1275 4118 βούληται
1307 4041 1382 4115 post
1413 4031 1499 4109 αὐτῷ

275 4139 416 4222 δεηθέντι
448 4142 527 4204 satis
559 4143 673 4206 otiosis
705 4145 748 4205 ἃν
779 4143 928 4226 βούληται
956 4137 1017 4220 (ad
1045 4159 1087 4207 ea
1114 4159 1204 4224 quoe
1229 4137 1317 4222 uelit)
1341 4142 1497 4220 scriptum

275 4243 374 4310 fulsse
398 4247 556 4328 suspicor.

366 4352 399 4426 3,
428 4353 459 4418 2.
497 4353 559 4438 (ἐπὶ
589 4361 679 4420 τοῦτο
712 4355 772 4438 γὰρ
805 4353 1021 4437 termimum]
1054 4360 1143 4418 recte
1175 4353 1272 4418 hodie
1305 4371 1364 4433 pro
1398 4349 1496 4427 τούτῳ
1610 4421 1611 4456 3

274 4466 364 4524 τοῦτο
392 4461 554 4539 scribitur,
590 4463 688 4527 etiem
716 4463 789 4528 eod.
822 4463 916 4526 Laur.
948 4459 1206 4540 comprobatum.
1254 4459 1343 4524 Idem
1372 4463 1496 4534 ξυνεκ-

273 4567 428 4631 αλεῦσαι
460 4568 592 4635 exhibet
625 4566 782 4656 (ciusdem
816 4570 996 4650 scripturae
1025 4567 1160 4650 vestigIa
1187 4573 1264 4630 sunt
1293 4565 1495 4640 ξννέκττλευαε
