3244 5060
723 283 762 348 31

223 464 282 543 bi,
309 465 324 526 1
354 464 546 544 scripturam
567 463 661 526 Laur.
688 463 734 532 ὡς
757 462 897 532 ἑκάστοις
920 469 973 545 τῆς
997 463 1157 543 ξυντυχίας
1177 497 1217 504 -
1237 458 1351 542 ἔσχε(ν)

135 567 309 654 (consentit
331 570 435 634 Vatic.
462 593 508 652 γρ.
533 569 583 632 vel
615 587 712 644 corr,
742 569 783 645 in,
800 569 905 632 Vatic.
932 573 1019 632 cont.
1046 569 1233 632 ἕκαστοι-
1258 566 1353 646 άνάγ-

132 702 198 760 κης
229 679 317 758 ἔσχεν
350 677 505 756 scripturn
538 674 598 761 est)
633 677 712 738 satis
743 675 939 739 confirmare
962 676 1090 740 videtur
1113 675 1206 738 loeus
1231 672 1350 736 Herod.
1398 735 1399 740 ,

133 783 197 858 Vll,
217 782 290 859 188,
308 783 339 861 2,
365 801 463 863 quem
486 783 592 846 attulit
614 781 805 845 Arnoldius:
831 788 907 845 τοῖσι
930 783 1014 846 οὕτω
1039 782 1142 864 ὅρμου
1166 780 1235 862 εἶχε,
1259 779 1353 843 euius

132 897 280 954 nostrum
304 890 414 952 locum
437 895 568 969 propter
592 889 765 952 articulum
787 895 841 971 τῆς
865 888 1012 952 additum
1036 893 1068 952 et
1091 889 1248 952 aoristum
1267 888 1354 968 ἔσχεν

133 997 321 1061 dissimilem
336 1015 408 1060 esse
424 996 540 1076 Krueg.
559 996 737 1060 contendit.
771 993 842 1059 ¹Sed
867 995 909 1057 ad
933 995 1107 1058 articulum
1131 994 1356 1060 excusandum

132 1122 170 1168 ea
190 1101 331 1168 conferri
352 1109 498 1182 possunt,
525 1121 609 1183 quae
625 1103 806 1166 docuerunt
823 1101 1007 1166 Lobeckius
1024 1099 1076 1187 (ad
1092 1102 1212 1184 Phryn.
1229 1119 1260 1181 p.
1278 1097 1354 1184 280)

132 1217 163 1274 et
186 1210 366 1290 Madvigius
396 1206 492 1294 (bem.
520 1229 552 1272 u.
579 1228 607 1274 e.
635 1229 666 1289 p.
693 1210 724 1271 d.
755 1209 873 1289 griech.
899 1207 1225 1290 wortfiigungslehre,
1256 1227 1287 1288 p.
1315 1206 1357 1270 70

132 1315 210 1403 sq.);
251 1316 392 1379 aoristus
423 1334 501 1379 vero
536 1317 649 1396 partie.
685 1334 752 1380 aor.
787 1317 910 1385 στάντες
943 1316 1031 1395 quod
1065 1315 1244 1394 praecessit
1277 1314 1356 1377 satis

131 1422 323 1488 defenditur.
363 1423 514 1486 Vertatur
537 1423 646 1503 igitur:
674 1427 712 1487 ut
728 1418 917 1505 quibusque
937 1426 999 1486 out
1009 1425 1159 1504 propter
1178 1417 1357 1485 utilitatem

131 1535 191 1594 out
213 1525 414 1592 necessitate
438 1525 626 1604 occiderat,
655 1524 750 1593 utici
775 1525 816 1590 iis
842 1525 1060 1611 contioqeret
1083 1526 1147 1613 (vel
1171 1529 1296 1608 potius:
1324 1529 1359 1591 ut

127 1633 319 1718 participes
331 1631 476 1724 fierent,
502 1635 542 1699 ef.
569 1638 679 1698 adnot.
703 1633 880 1720 Kruegeri).
900 1634 979 1720 -t3'
1004 1635 1024 1699 3
1049 1636 1224 1700 collocatio
1249 1635 1355 1700 Vatic.

131 1743 185 1806 εἰσὶ
209 1743 239 1806 δ’
265 1745 299 1805 οἳ
317 1742 370 1804 καὶ
397 1743 478 1805 loeis
502 1743 524 1818 l,
551 1742 604 1819 23,
631 1743 668 1815 2;
701 1742 764 1817 Vll,
794 1741 844 1819 13,
871 1742 890 1805 2
921 1741 1105 1806 defenditur
1128 1743 1184 1806 illa
1207 1743 1354 1822 quidem;

132 1867 238 1930 neque
271 1855 381 1912 tamen
413 1851 516 1913 rarior
548 1850 721 1914 collocatio
754 1849 809 1912 εἰσὶ
838 1849 872 1912 δὲ
900 1850 953 1912 καὶ
981 1852 1015 1913 οἳ
1041 1847 1163 1936 (taur.)
1198 1849 1356 1928 exemplis

132 1975 198 2020 non
222 1954 443 2034 confirmatur,
470 1976 500 2018 v.
527 1957 638 2019 adnot.
656 1956 820 2036 Kruegeri.
842 1993 880 2002 —
897 1955 955 2040 ξίν
976 1957 1009 2019 in
1024 1955 1130 2020 Vatic.
1156 1955 1356 2019 vocabulum

132 2064 235 2144 φόρου
259 2072 336 2126 ante
361 2063 419 2144 οὐχ
442 2063 597 2132 ὑποτελεῖς
620 2063 712 2135 ὄντες,
737 2068 773 2125 ut
795 2063 904 2127 verbis
927 2069 1005 2134 ναῦς
1029 2062 1063 2125 δὲ
1083 2064 1191 2134 acrius
1212 2079 1354 2143 oppone·

132 2175 229 2244 retur,
261 2170 387 2249 opinor,
421 2170 619 2233 collocatum
647 2175 710 2242 est;
746 2169 802 2232 sed
826 2169 885 2250 μὲν
908 2169 985 2232 addi
1008 2169 1131 2232 debuit.
1160 2206 1199 2212 —
1224 2166 1246 2254 ξ
1270 2166 1290 2230 b
1315 2169 1356 2230 de

132 2277 222 2340 artic.
253 2281 325 2347 τοῖς,
359 2293 457 2356 quem
487 2276 560 2339 eod.
587 2276 628 2338 M.
655 2276 745 2340 solus
773 2283 861 2340 recte
886 2275 1043 2356 praebere
1068 2276 1196 2350 dicitur,
1233 2276 1355 2339 omisso

133 2401 171 2446 ex
194 2383 289 2445 Laur.
317 2383 468 2461 equidem
492 2383 571 2445 nihil
596 2373 759 2446 adnotavi.
800 2382 914 2446 Melius
939 2380 1076 2446 fortasse
1096 2383 1129 2445 in
1145 2382 1250 2448 Vatic.
1277 2375 1355 2446 κατὰ

132 2489 169 2552 τὸ
193 2489 290 2571 ἔχθος
314 2489 354 2552 de
378 2496 456 2552 noto
480 2489 722 2553 Plataeensium
745 2491 820 2553 odio
845 2489 1012 2561 scribitur;
1039 2487 1080 2552 cf.
1107 2490 1353 2566 tamenl,103,

132 2596 166 2666 3;
193 2596 245 2671 IV,
276 2597 304 2670 1,
332 2595 363 2671 2,
395 2596 513 2675 quibus
538 2597 619 2659 locis
643 2615 723 2660 sane
746 2597 915 2676 genetivus
940 2597 1080 2666 additur,
1107 2597 1192 2660 sieut
1214 2595 1298 2660 infra
1321 2599 1355 2659 in

132 2701 153 2786 ξ
178 2703 207 2765 7.
235 2740 276 2746 -
302 2700 324 2787 ξ
348 2702 368 2765 6
392 2703 497 2766 Vatic.
524 2703 604 2766 ὅπλα
628 2705 781 2785 ἐπέφερον
804 2702 945 2780 exhibet,
977 2720 1062 2784 quae
1091 2705 1251 2783 scriptura
1274 2704 1355 2766 locis

133 2809 169 2884 V,
195 2810 248 2885 49,
275 2811 312 2880 [ες
346 2809 412 2884 Vll,
442 2809 538 2880 tat
572 2811 794 2873 commendari
827 2810 971 2882 videtum
1007 2810 1064 2873 sed
1097 2816 1185 2874 reete
1211 2808 1354 2874 Stahlius

132 2916 306 2980 discrimen
340 2916 506 2995 quoddam
534 2916 738 2979 locutionum
761 2917 842 2980 ὅπλα
866 2919 973 2999 φέρειν
998 2912 1138 2996 (bellum
1159 2919 1299 2998 perere)
1324 2924 1355 2979 et

133 3022 158 3083 ὅ.
190 3023 347 3105 ἐπιφέρειν
379 3018 499 3104 (siquo
532 3017 682 3105 tqferre)
716 3024 837 3100 statuit,
878 3029 915 3086 ut
947 3023 1085 3102 simplex
1117 3025 1231 3105 ἔφερον
1263 3041 1354 3102 prae-

134 3126 302 3193 ferendum
334 3129 385 3190 sit.
411 3165 455 3173 —
478 3126 500 3212 ξ
525 3130 543 3190 7
568 3129 672 3192 Vatie.
702 3135 765 3192 τῶν
794 3130 828 3193 δὲ
856 3130 964 3192 minus
988 3130 1072 3192 bene
1096 3129 1247 3210 praebet;
1282 3136 1355 3208 post

134 3235 282 3316 ἐκράτουν
315 3235 406 3298 artic.
442 3237 473 3298 oi
504 3235 622 3298 omittit
646 3237 752 3312 taur,
788 3255 853 3316 quo
887 3235 982 3300 facile
1007 3253 1168 3312 caremus,
1204 3234 1244 3299 cf.
1271 3235 1352 3311 Vlll,

136 3341 184 3416 76,
220 3343 256 3404 4:
292 3341 327 3403 τὸ
355 3341 534 3424 Ἀθηναίων
566 3343 688 3424 κράτος.
716 3379 760 3388 -
788 3341 810 3427 ξ
839 3343 858 3406 8
893 3345 1084 3407 coniectura
1112 3341 1287 3406 Classenii:
1323 3343 1355 3404 ἐν

134 3447 319 3529 Ναυπάκτῳ
338 3449 373 3510 ἐκ
388 3447 584 3510 Ναυπάκτου
608 3449 777 3528 probanda
801 3467 873 3512 esse
897 3450 1025 3514 videtur
1046 3448 1098 3536 (cf.
1120 3451 1222 3530 ipsius
1242 3450 1352 3512 adnot.

135 3553 227 3641 crit.),
262 3572 328 3634 qua
356 3555 444 3634 quod
471 3556 505 3616 in
534 3555 686 3618 omnihus
710 3557 879 3620 codicibus
906 3557 1099 3622 alterutrum
1123 3563 1210 3622 extat
1233 3556 1355 3635 optime

110 3645 321 3741 explicatur.
347 3697 388 3705 -
413 3661 449 3723 ln
472 3659 539 3745 §9
572 3661 631 3744 γὰρ
664 3664 822 3742 particula
855 3665 889 3726 in
919 3663 1024 3728 Vatio.
1061 3663 1199 3739 additur,
1236 3663 1293 3727 sed
1322 3663 1356 3726 in

134 3767 226 3830 simili
260 3768 507 3830 enumeratione
539 3768 576 3844 ll,
612 3769 642 3843 9,
678 3768 697 3831 2
731 3771 913 3851 asyndeton
946 3772 1120 3836 invenitur.
1169 3771 1206 3833 ln
1238 3771 1356 3835 eodem

133 3875 215 3940 male
248 3875 396 3944 ἐποίκους
421 3872 528 3959 (Laur.
560 3875 636 3961 ἀπ),
662 3881 784 3941 nescio
815 3895 856 3940 an
886 3879 1048 3943 sermonis
1071 3878 1219 3940 variandi
1242 3896 1353 3953 eausa,

134 3983 288 4062 scriptum
321 3987 387 4052 est;
422 3987 538 4044 contra
568 3987 657 4045 reote
680 3984 809 4054 ἑκόντας
833 3981 942 4068 (Laur.
969 3982 1031 4070 ἄν.)
1058 3985 1198 4050 exhibet.
1248 3983 1354 4048 Collo-

134 4089 215 4152 catio
242 4088 346 4152 Vatic.
383 4088 530 4158 stolidior
562 4091 637 4152 ι’έναι
669 4087 807 4154 fortasse
841 4093 1034 4172 exquisitior
1058 4098 1116 4156 est.
1143 4128 1186 4136 -
1209 4088 1231 4175 ξ
1258 4090 1295 4151 11
1321 4091 1355 4151 in

133 4191 235 4258 Vatio.
272 4192 411 4259 fortasse
444 4195 565 4258 rectius
589 4196 739 4260 scribitur
756 4197 928 4279 Ἐγευτοῖοί
951 4199 1047 4283 (Αἶγ.)
1071 4223 1120 4270 τε,
1154 4215 1229 4262 cum
1253 4195 1355 4260 Siculi

134 4317 263 4382 quoque
297 4301 446 4364 barbaris
479 4303 706 4367 adscribantur
730 4301 770 4388 (e.
797 4303 849 4381 58,
880 4303 924 4389 3),
960 4314 996 4371 ut
1028 4329 1059 4369 τε
1091 4302 1285 4384 particulae¹
1302 4301 1355 4364 καὶ

134 4413 205 4472 ante
228 4407 375 4470 Σικελῶν
400 4405 506 4492 (laur.
534 4406 680 4494 -λιυιτῶν)
706 4411 832 4490 positae
855 4413 1064 4490 respondeat.

220 4515 282 4594 58,
306 4514 327 4576 4
352 4514 442 4578 artic.
469 4513 496 4586 d,
521 4533 618 4593 quem
642 4522 718 4582 ante
741 4518 832 4588 ἄλλος
856 4517 966 4600 ὅμιλος
984 4520 1129 4600 ἄφθονος
1143 4515 1247 4580 Vatio.
1266 4514 1355 4578 solus
