<?xml version="1.0" encoding="UTF-8"?>
<!DOCTYPE html PUBLIC "-//W3C//DTD XHTML 1.0 Transitional//EN"
    "http://www.w3.org/TR/xhtml1/DTD/xhtml1-transitional.dtd">
<html xmlns="http://www.w3.org/1999/xhtml" xml:lang="en" lang="en">
 <head>
  <title>
</title>
<meta http-equiv="Content-Type" content="text/html;charset=utf-8" />
  <meta name='ocr-system' content='tesseract 3.04.00' />
  <meta name='ocr-capabilities' content='ocr_page ocr_carea ocr_par ocr_line ocrx_word'/>
</head>
<body>
  <div class='ocr_page' id='page_1' title='image "./commentariicrit00hudegoog_0021.png"; bbox 0 0 3244 5060; ppageno 0'>
   <div class='ocr_carea' id='block_1_1' title="bbox 668 1411 1081 1510">
    <p class='ocr_par' dir='ltr' id='par_1_1' title="bbox 668 1411 1081 1510">
     <span class='ocr_line' id='line_1_1' title="bbox 668 1411 1081 1510; baseline -0.002 -1"><span class='ocrx_word' id='word_1_1' title='bbox 668 1411 835 1510; x_wconf 85' lang='lat' dir='ltr'>PARS</span> <span class='ocrx_word' id='word_1_2' title='bbox 869 1412 1081 1510; x_wconf 84' lang='lat' dir='ltr'>PRIOR.</span> 
     </span>
    </p>
   </div>
   <div class='ocr_carea' id='block_1_2' title="bbox 380 1625 1373 1869">
    <p class='ocr_par' dir='ltr' id='par_1_2' title="bbox 380 1625 1373 1869">
     <span class='ocr_line' id='line_1_2' title="bbox 380 1625 1373 1726; baseline -0.002 -16"><span class='ocrx_word' id='word_1_3' title='bbox 380 1631 428 1710; x_wconf 88' lang='lat' dir='ltr'>De</span> <span class='ocrx_word' id='word_1_4' title='bbox 455 1629 541 1710; x_wconf 90' lang='lat' dir='ltr'>Iocis</span> <span class='ocrx_word' id='word_1_5' title='bbox 569 1627 735 1708; x_wconf 88' lang='lat' dir='ltr'>librorum</span> <span class='ocrx_word' id='word_1_6' title='bbox 762 1627 821 1708; x_wconf 89' lang='lat' dir='ltr'>VII</span> <span class='ocrx_word' id='word_1_7' title='bbox 849 1631 885 1707; x_wconf 87' lang='lat' dir='ltr'>et</span> <span class='ocrx_word' id='word_1_8' title='bbox 912 1627 985 1706; x_wconf 88' lang='lat' dir='ltr'>VIII</span> <span class='ocrx_word' id='word_1_9' title='bbox 1014 1625 1249 1726; x_wconf 78' lang='lat' dir='ltr'>discrepantia</span> <span class='ocrx_word' id='word_1_10' title='bbox 1278 1627 1373 1708; x_wconf 86' lang='lat' dir='ltr'>codd.</span> 
     </span>
     <span class='ocr_line' id='line_1_3' title="bbox 418 1769 1335 1869; baseline 0 -18"><span class='ocrx_word' id='word_1_11' title='bbox 418 1771 640 1852; x_wconf 86' lang='lat' dir='ltr'>Laurentiani</span> <span class='ocrx_word' id='word_1_12' title='bbox 671 1775 705 1850; x_wconf 81' lang='lat' dir='ltr'>et</span> <span class='ocrx_word' id='word_1_13' title='bbox 733 1770 892 1850; x_wconf 83' lang='lat' dir='ltr'>Vaticani</span> <span class='ocrx_word' id='word_1_14' title='bbox 920 1769 1114 1868; x_wconf 85' lang='lat' dir='ltr'>insignibus</span> <span class='ocrx_word' id='word_1_15' title='bbox 1143 1770 1335 1869; x_wconf 83' lang='lat' dir='ltr'>quaeritur.</span> 
     </span>
    </p>
   </div>
   <div class='ocr_carea' id='block_1_3' title="bbox 780 2073 971 2137">
    <p class='ocr_par' dir='ltr' id='par_1_3' title="bbox 780 2073 971 2137">
     <span class='ocr_line' id='line_1_4' title="bbox 780 2073 971 2137; baseline 0 -1"><span class='ocrx_word' id='word_1_16' title='bbox 780 2074 881 2136; x_wconf 81' lang='lat' dir='ltr'>Lnann</span> <span class='ocrx_word' id='word_1_17' title='bbox 905 2073 971 2137; x_wconf 88' lang='lat' dir='ltr'>VII.</span> 
     </span>
    </p>
   </div>
   <div class='ocr_carea' id='block_1_4' title="bbox 265 2193 1490 2511">
    <p class='ocr_par' dir='ltr' id='par_1_4' title="bbox 265 2193 1490 2511">
     <span class='ocr_line' id='line_1_5' title="bbox 359 2193 1490 2299; baseline 0 -19"><span class='ocrx_word' id='word_1_18' title='bbox 359 2216 389 2288; x_wconf 78' lang='lat' dir='ltr'>l,</span> <span class='ocrx_word' id='word_1_19' title='bbox 416 2215 446 2280; x_wconf 79' lang='lat'>2.</span> <span class='ocrx_word' id='word_1_20' title='bbox 473 2255 515 2263; x_wconf 88' lang='lat'><em>-</em></span> <span class='ocrx_word' id='word_1_21' title='bbox 539 2193 577 2288; x_wconf 81' lang='grc' dir='ltr'>ἃς</span> <span class='ocrx_word' id='word_1_22' title='bbox 600 2217 618 2280; x_wconf 84' lang='grc' dir='ltr'>ὁ</span> <span class='ocrx_word' id='word_1_23' title='bbox 641 2216 756 2287; x_wconf 82' lang='grc' dir='ltr'><strong><em>Νικίας</em></strong></span> <span class='ocrx_word' id='word_1_24' title='bbox 778 2217 877 2299; x_wconf 78' lang='grc' dir='ltr'><em>ὅμως,</em></span> <span class='ocrx_word' id='word_1_25' title='bbox 900 2217 1141 2299; x_wconf 70' lang='grc' dir='ltr'><em>πυνθανόμενος</em></span> <span class='ocrx_word' id='word_1_26' title='bbox 1164 2215 1277 2286; x_wconf 84' lang='grc' dir='ltr'><em>αὐτοὺς</em></span> <span class='ocrx_word' id='word_1_27' title='bbox 1300 2217 1333 2280; x_wconf 79' lang='grc' dir='ltr'>ἒν</span> <span class='ocrx_word' id='word_1_28' title='bbox 1350 2216 1490 2298; x_wconf 82' lang='grc' dir='ltr'><em>Λοκροῖς</em></span> 
     </span>
     <span class='ocr_line' id='line_1_6' title="bbox 266 2322 1489 2407; baseline -0.001 -21"><span class='ocrx_word' id='word_1_29' title='bbox 266 2323 350 2396; x_wconf 79' lang='grc' dir='ltr'><em>εἶναι,</em></span> <span class='ocrx_word' id='word_1_30' title='bbox 374 2322 544 2407; x_wconf 81' lang='grc' dir='ltr'><em>ἀπέστειλε]</em></span> <span class='ocrx_word' id='word_1_31' title='bbox 573 2328 662 2388; x_wconf 87' lang='lat' dir='ltr'>recte</span> <span class='ocrx_word' id='word_1_32' title='bbox 686 2323 759 2387; x_wconf 89' lang='lat' dir='ltr'>edd.</span> <span class='ocrx_word' id='word_1_33' title='bbox 785 2341 871 2388; x_wconf 88' lang='lat' dir='ltr'>recc.</span> <span class='ocrx_word' id='word_1_34' title='bbox 899 2330 1027 2403; x_wconf 88' lang='lat' dir='ltr'>praeter</span> <span class='ocrx_word' id='word_1_35' title='bbox 1050 2322 1255 2387; x_wconf 87' lang='lat' dir='ltr'>Classenium</span> <span class='ocrx_word' id='word_1_36' title='bbox 1280 2323 1365 2386; x_wconf 88' lang='lat' dir='ltr'>hanc</span> <span class='ocrx_word' id='word_1_37' title='bbox 1390 2324 1489 2402; x_wconf 88' lang='lat' dir='ltr'>scrip-</span> 
     </span>
     <span class='ocr_line' id='line_1_7' title="bbox 265 2429 1489 2511; baseline 0 -19"><span class='ocrx_word' id='word_1_38' title='bbox 265 2436 371 2493; x_wconf 89' lang='lat' dir='ltr'>turam</span> <span class='ocrx_word' id='word_1_39' title='bbox 406 2430 499 2493; x_wconf 89' lang='lat' dir='ltr'>Lanr.</span> <span class='ocrx_word' id='word_1_40' title='bbox 531 2435 563 2494; x_wconf 87' lang='lat' dir='ltr'>et</span> <span class='ocrx_word' id='word_1_41' title='bbox 591 2436 665 2494; x_wconf 89' lang='lat' dir='ltr'>cett.</span> <span class='ocrx_word' id='word_1_42' title='bbox 693 2429 789 2493; x_wconf 82' lang='lat' dir='ltr'><strong>codd.</strong></span> <span class='ocrx_word' id='word_1_43' title='bbox 816 2431 1054 2510; x_wconf 85' lang='lat' dir='ltr'>praetulerunt;</span> <span class='ocrx_word' id='word_1_44' title='bbox 1089 2431 1122 2492; x_wconf 93' lang='lat' dir='ltr'>in</span> <span class='ocrx_word' id='word_1_45' title='bbox 1157 2430 1259 2494; x_wconf 89' lang='lat' dir='ltr'>Vatic.</span> <span class='ocrx_word' id='word_1_46' title='bbox 1293 2429 1384 2511; x_wconf 83' lang='grc' dir='ltr'>ὅμως</span> <span class='ocrx_word' id='word_1_47' title='bbox 1415 2438 1489 2509; x_wconf 83' lang='lat' dir='ltr'>post</span> 
     </span>
    </p>
   </div>
   <div class='ocr_carea' id='block_1_5' title="bbox 266 2534 1603 2619">
    <p class='ocr_par' dir='ltr' id='par_1_5' title="bbox 266 2534 1603 2619">
     <span class='ocr_line' id='line_1_8' title="bbox 266 2534 1603 2619; baseline -0.001 -20"><span class='ocrx_word' id='word_1_48' title='bbox 266 2534 379 2606; x_wconf 82' lang='grc' dir='ltr'><em>αὐτοὺς</em></span> <span class='ocrx_word' id='word_1_49' title='bbox 406 2537 545 2615; x_wconf 89' lang='lat' dir='ltr'>ponitur.</span> <span class='ocrx_word' id='word_1_50' title='bbox 594 2536 759 2600; x_wconf 86' lang='lat' dir='ltr'>Particnla</span> <span class='ocrx_word' id='word_1_51' title='bbox 786 2536 878 2619; x_wconf 85' lang='grc' dir='ltr'><em>ὅμως</em></span> <span class='ocrx_word' id='word_1_52' title='bbox 905 2535 1005 2600; x_wconf 89' lang='lat' dir='ltr'>verbo</span> <span class='ocrx_word' id='word_1_53' title='bbox 1034 2536 1188 2600; x_wconf 81' lang='grc' dir='ltr'><em>ἀπέστειλε</em></span> <span class='ocrx_word' id='word_1_54' title='bbox 1215 2536 1326 2599; x_wconf 90' lang='lat' dir='ltr'>addita</span> <span class='ocrx_word' id='word_1_55' title='bbox 1355 2553 1413 2599; x_wconf 91' lang='lat' dir='ltr'>eae</span> <span class='ocrx_word' id='word_1_56' title='bbox 1437 2555 1490 2600; x_wconf 91' lang='lat' dir='ltr'>res</span> <span class='ocrx_word' id='word_1_57' title='bbox 1602 2551 1603 2556; x_wconf 51' lang='lat'>¹</span> 
     </span>
    </p>
   </div>
   <div class='ocr_carea' id='block_1_6' title="bbox 266 2633 1491 4642">
    <p class='ocr_par' dir='ltr' id='par_1_6' title="bbox 266 2633 1491 4642">
     <span class='ocr_line' id='line_1_9' title="bbox 267 2633 1490 2727; baseline 0.001 -23"><span class='ocrx_word' id='word_1_58' title='bbox 267 2660 349 2723; x_wconf 86' lang='lat' dir='ltr'>quas</span> <span class='ocrx_word' id='word_1_59' title='bbox 380 2647 459 2706; x_wconf 89' lang='lat' dir='ltr'>tunc</span> <span class='ocrx_word' id='word_1_60' title='bbox 489 2643 598 2708; x_wconf 79' lang='lat' dir='ltr'>Nicias</span> <span class='ocrx_word' id='word_1_61' title='bbox 628 2641 703 2708; x_wconf 85' lang='lat' dir='ltr'>fecit</span> <span class='ocrx_word' id='word_1_62' title='bbox 737 2644 890 2722; x_wconf 79' lang='lat' dir='ltr'>pristinae</span> <span class='ocrx_word' id='word_1_63' title='bbox 920 2644 991 2707; x_wconf 87' lang='lat' dir='ltr'>eins</span> <span class='ocrx_word' id='word_1_64' title='bbox 1021 2644 1167 2706; x_wconf 88' lang='lat' dir='ltr'>Inouriae</span> <span class='ocrx_word' id='word_1_65' title='bbox 1192 2640 1244 2727; x_wconf 86' lang='lat' dir='ltr'>(cl.</span> <span class='ocrx_word' id='word_1_66' title='bbox 1270 2642 1323 2716; x_wconf 90' lang='lat' dir='ltr'>Vl,</span> <span class='ocrx_word' id='word_1_67' title='bbox 1352 2642 1424 2715; x_wconf 87' lang='grc'>104,</span> <span class='ocrx_word' id='word_1_68' title='bbox 1451 2633 1490 2706; x_wconf 75' lang='lat'>32&#39;</span> 
     </span>
     <span class='ocr_line' id='line_1_10' title="bbox 267 2746 1489 2834; baseline -0.001 -22"><span class='ocrx_word' id='word_1_69' title='bbox 267 2749 416 2832; x_wconf 80' lang='grc' dir='ltr'><em>οὐδεμίαν</em></span> <span class='ocrx_word' id='word_1_70' title='bbox 435 2749 581 2832; x_wconf 80' lang='grc' dir='ltr'><em>φυλακήν</em></span> <span class='ocrx_word' id='word_1_71' title='bbox 598 2773 651 2813; x_wconf 84' lang='grc' dir='ltr'>πω</span> <span class='ocrx_word' id='word_1_72' title='bbox 671 2746 811 2834; x_wconf 82' lang='grc' dir='ltr'><em>ἐποιεῖτο)</em></span> <span class='ocrx_word' id='word_1_73' title='bbox 834 2755 1044 2829; x_wconf 83' lang='lat' dir='ltr'>opponuntur</span> <span class='ocrx_word' id='word_1_74' title='bbox 1064 2747 1220 2834; x_wconf 82' lang='lat' dir='ltr'>(Stahlius</span> <span class='ocrx_word' id='word_1_75' title='bbox 1240 2754 1314 2828; x_wconf 86' lang='lat' dir='ltr'>apte</span> <span class='ocrx_word' id='word_1_76' title='bbox 1330 2749 1379 2822; x_wconf 83' lang='grc' dir='ltr'>ΙΙΙ,</span> <span class='ocrx_word' id='word_1_77' title='bbox 1398 2749 1451 2824; x_wconf 79' lang='lat'>28,</span> <span class='ocrx_word' id='word_1_78' title='bbox 1469 2749 1489 2811; x_wconf 82' lang='grc'>2</span> 
     </span>
     <span class='ocr_line' id='line_1_11' title="bbox 267 2853 1489 2942; baseline -0.002 -22"><span class='ocrx_word' id='word_1_79' title='bbox 267 2853 417 2942; x_wconf 86' lang='lat' dir='ltr'>confert),</span> <span class='ocrx_word' id='word_1_80' title='bbox 444 2875 509 2936; x_wconf 87' lang='lat' dir='ltr'>qua</span> <span class='ocrx_word' id='word_1_81' title='bbox 531 2856 669 2921; x_wconf 86' lang='lat' dir='ltr'>voculae</span> <span class='ocrx_word' id='word_1_82' title='bbox 694 2856 725 2917; x_wconf 92' lang='lat' dir='ltr'>vi</span> <span class='ocrx_word' id='word_1_83' title='bbox 749 2873 816 2918; x_wconf 93' lang='lat' dir='ltr'>non</span> <span class='ocrx_word' id='word_1_84' title='bbox 839 2856 1010 2925; x_wconf 86' lang='lat' dir='ltr'>intellecta</span> <span class='ocrx_word' id='word_1_85' title='bbox 1029 2861 1196 2920; x_wconf 90' lang='lat' dir='ltr'>corrector</span> <span class='ocrx_word' id='word_1_86' title='bbox 1220 2856 1370 2918; x_wconf 84' lang='lat' dir='ltr'>Vaticani</span> <span class='ocrx_word' id='word_1_87' title='bbox 1393 2857 1489 2935; x_wconf 86' lang='lat' dir='ltr'>parti-</span> 
     </span>
     <span class='ocr_line' id='line_1_12' title="bbox 268 2961 1489 3044; baseline -0.001 -19"><span class='ocrx_word' id='word_1_88' title='bbox 268 2962 375 3026; x_wconf 90' lang='lat' dir='ltr'>culam</span> <span class='ocrx_word' id='word_1_89' title='bbox 400 2964 569 3026; x_wconf 81' lang='lat' dir='ltr'>enuntiato</span> <span class='ocrx_word' id='word_1_90' title='bbox 593 2962 748 3043; x_wconf 85' lang='lat' dir='ltr'>pendenti</span> <span class='ocrx_word' id='word_1_91' title='bbox 772 2962 885 3033; x_wconf 78' lang='grc' dir='ltr'><em>αὒτοὺς</em></span> <span class='ocrx_word' id='word_1_92' title='bbox 908 2963 940 3025; x_wconf 82' lang='grc' dir='ltr'>ἐν</span> <span class='ocrx_word' id='word_1_93' title='bbox 959 2962 1098 3044; x_wconf 83' lang='grc' dir='ltr'><em>Λοκροῖς</em></span> <span class='ocrx_word' id='word_1_94' title='bbox 1122 2961 1197 3025; x_wconf 86' lang='grc' dir='ltr'><em>εῖναι</em></span> <span class='ocrx_word' id='word_1_95' title='bbox 1216 2963 1382 3042; x_wconf 83' lang='lat' dir='ltr'>applicuit,</span> <span class='ocrx_word' id='word_1_96' title='bbox 1408 2967 1489 3026; x_wconf 85' lang='lat' dir='ltr'>tam-</span> 
     </span>
     <span class='ocr_line' id='line_1_13' title="bbox 268 3068 1490 3148; baseline 0.001 -16"><span class='ocrx_word' id='word_1_97' title='bbox 268 3087 366 3148; x_wconf 89' lang='lat' dir='ltr'>quam</span> <span class='ocrx_word' id='word_1_98' title='bbox 403 3069 430 3130; x_wconf 91' lang='lat' dir='ltr'>si</span> <span class='ocrx_word' id='word_1_99' title='bbox 462 3068 573 3132; x_wconf 88' lang='lat' dir='ltr'>Nicias</span> <span class='ocrx_word' id='word_1_100' title='bbox 606 3068 865 3148; x_wconf 88' lang='lat' dir='ltr'>Peloponnesios</span> <span class='ocrx_word' id='word_1_101' title='bbox 899 3070 1032 3133; x_wconf 94' lang='lat' dir='ltr'>omnino</span> <span class='ocrx_word' id='word_1_102' title='bbox 1066 3088 1132 3132; x_wconf 92' lang='lat' dir='ltr'>non</span> <span class='ocrx_word' id='word_1_103' title='bbox 1166 3074 1379 3148; x_wconf 90' lang='lat' dir='ltr'>perventuros</span> <span class='ocrx_word' id='word_1_104' title='bbox 1416 3087 1490 3133; x_wconf 90' lang='lat' dir='ltr'>esse</span> 
     </span>
     <span class='ocr_line' id='line_1_14' title="bbox 267 3173 1490 3254; baseline 0.001 -18"><span class='ocrx_word' id='word_1_105' title='bbox 267 3175 474 3254; x_wconf 82' lang='lat' dir='ltr'>speravisset,</span> <span class='ocrx_word' id='word_1_106' title='bbox 515 3173 607 3236; x_wconf 87' lang='lat' dir='ltr'>ouius</span> <span class='ocrx_word' id='word_1_107' title='bbox 644 3175 691 3238; x_wconf 92' lang='lat' dir='ltr'>rei</span> <span class='ocrx_word' id='word_1_108' title='bbox 729 3176 819 3240; x_wconf 89' lang='lat' dir='ltr'>nuIIa</span> <span class='ocrx_word' id='word_1_109' title='bbox 855 3176 1060 3241; x_wconf 86' lang='lat' dir='ltr'>adumbratio</span> <span class='ocrx_word' id='word_1_110' title='bbox 1098 3174 1184 3240; x_wconf 86' lang='lat' dir='ltr'>facta</span> <span class='ocrx_word' id='word_1_111' title='bbox 1220 3182 1279 3239; x_wconf 86' lang='lat' dir='ltr'>est.</span> <span class='ocrx_word' id='word_1_112' title='bbox 1337 3175 1490 3239; x_wconf 85' lang='lat' dir='ltr'>Ceterum</span> 
     </span>
     <span class='ocr_line' id='line_1_15' title="bbox 267 3279 1491 3364; baseline 0.002 -22"><span class='ocrx_word' id='word_1_113' title='bbox 267 3279 379 3344; x_wconf 89' lang='lat' dir='ltr'>dubito</span> <span class='ocrx_word' id='word_1_114' title='bbox 403 3297 446 3343; x_wconf 86' lang='lat' dir='ltr'>an</span> <span class='ocrx_word' id='word_1_115' title='bbox 471 3279 522 3356; x_wconf 88' lang='lat' dir='ltr'>VI,</span> <span class='ocrx_word' id='word_1_116' title='bbox 551 3280 624 3351; x_wconf 79' lang='lat'>104,</span> <span class='ocrx_word' id='word_1_117' title='bbox 651 3281 671 3344; x_wconf 90' lang='grc'><strong>3</strong></span> <span class='ocrx_word' id='word_1_118' title='bbox 695 3288 776 3346; x_wconf 88' lang='lat' dir='ltr'>extr.</span> <span class='ocrx_word' id='word_1_119' title='bbox 802 3284 1122 3364; x_wconf 87' lang='grc' dir='ltr'><em>παρεσκευασμένος,</em></span> <span class='ocrx_word' id='word_1_120' title='bbox 1146 3289 1182 3346; x_wconf 82' lang='lat' dir='ltr'>ut</span> <span class='ocrx_word' id='word_1_121' title='bbox 1203 3282 1381 3345; x_wconf 86' lang='lat' dir='ltr'>infinitivus</span> <span class='ocrx_word' id='word_1_122' title='bbox 1404 3281 1491 3344; x_wconf 79' lang='grc' dir='ltr'><em>πλεῖν</em></span> 
     </span>
     <span class='ocr_line' id='line_1_16' title="bbox 267 3385 1487 3474; baseline 0 -24"><span class='ocrx_word' id='word_1_123' title='bbox 267 3388 308 3450; x_wconf 90' lang='lat' dir='ltr'>ad</span> <span class='ocrx_word' id='word_1_124' title='bbox 342 3385 515 3468; x_wconf 85' lang='lat' dir='ltr'>Gylippnm</span> <span class='ocrx_word' id='word_1_125' title='bbox 549 3387 655 3450; x_wconf 89' lang='lat' dir='ltr'>solum</span> <span class='ocrx_word' id='word_1_126' title='bbox 685 3385 747 3474; x_wconf 72' lang='lat' dir='ltr'>(ol.</span> <span class='ocrx_word' id='word_1_127' title='bbox 782 3407 895 3468; x_wconf 90' lang='lat' dir='ltr'>snpra:</span> <span class='ocrx_word' id='word_1_128' title='bbox 935 3388 1030 3452; x_wconf 79' lang='grc' dir='ltr'><em>αὐτὸν</em></span> <span class='ocrx_word' id='word_1_129' title='bbox 1061 3387 1286 3473; x_wconf 80' lang='grc' dir='ltr'><em>προσπλέοντα)</em></span> <span class='ocrx_word' id='word_1_130' title='bbox 1320 3386 1487 3462; x_wconf 81' lang='lat' dir='ltr'>referatur,</span> 
     </span>
     <span class='ocr_line' id='line_1_17' title="bbox 268 3493 1491 3575; baseline 0.001 -18"><span class='ocrx_word' id='word_1_131' title='bbox 268 3493 477 3558; x_wconf 89' lang='lat' dir='ltr'>scribendum</span> <span class='ocrx_word' id='word_1_132' title='bbox 502 3494 553 3570; x_wconf 89' lang='lat' dir='ltr'>sit,</span> <span class='ocrx_word' id='word_1_133' title='bbox 581 3513 655 3557; x_wconf 93' lang='lat' dir='ltr'>cum</span> <span class='ocrx_word' id='word_1_134' title='bbox 680 3495 815 3558; x_wconf 91' lang='lat' dir='ltr'>verbum</span> <span class='ocrx_word' id='word_1_135' title='bbox 840 3495 944 3558; x_wconf 77' lang='grc' dir='ltr'><em>δοκεῖν</em></span> <span class='ocrx_word' id='word_1_136' title='bbox 967 3496 1046 3558; x_wconf 87' lang='lat' dir='ltr'>satis</span> <span class='ocrx_word' id='word_1_137' title='bbox 1068 3495 1248 3560; x_wconf 88' lang='lat' dir='ltr'>insolenter</span> <span class='ocrx_word' id='word_1_138' title='bbox 1275 3495 1491 3575; x_wconf 86' lang='lat' dir='ltr'>personaliter</span> 
     </span>
     <span class='ocr_line' id='line_1_18' title="bbox 267 3597 1490 3685; baseline 0.002 -23"><span class='ocrx_word' id='word_1_139' title='bbox 267 3600 409 3680; x_wconf 91' lang='lat' dir='ltr'>positum</span> <span class='ocrx_word' id='word_1_140' title='bbox 435 3599 476 3662; x_wconf 91' lang='lat' dir='ltr'>sit</span> <span class='ocrx_word' id='word_1_141' title='bbox 501 3597 553 3685; x_wconf 84' lang='lat' dir='ltr'>(cl.</span> <span class='ocrx_word' id='word_1_142' title='bbox 571 3601 646 3663; x_wconf 90' lang='lat' dir='ltr'>adn.</span> <span class='ocrx_word' id='word_1_143' title='bbox 664 3601 705 3664; x_wconf 91' lang='lat' dir='ltr'>ad</span> <span class='ocrx_word' id='word_1_144' title='bbox 720 3601 773 3678; x_wconf 87' lang='lat' dir='ltr'>IV,</span> <span class='ocrx_word' id='word_1_145' title='bbox 791 3601 843 3674; x_wconf 84' lang='lat'>62,</span> <span class='ocrx_word' id='word_1_146' title='bbox 861 3600 896 3676; x_wconf 81' lang='lat'>2;</span> <span class='ocrx_word' id='word_1_147' title='bbox 923 3601 1042 3664; x_wconf 89' lang='lat' dir='ltr'>dubius</span> <span class='ocrx_word' id='word_1_148' title='bbox 1057 3607 1106 3665; x_wconf 89' lang='lat' dir='ltr'>est</span> <span class='ocrx_word' id='word_1_149' title='bbox 1120 3603 1213 3665; x_wconf 90' lang='lat' dir='ltr'>locus</span> <span class='ocrx_word' id='word_1_150' title='bbox 1233 3603 1285 3679; x_wconf 91' lang='lat' dir='ltr'>IV,</span> <span class='ocrx_word' id='word_1_151' title='bbox 1306 3603 1356 3676; x_wconf 91' lang='grc'>14,</span> <span class='ocrx_word' id='word_1_152' title='bbox 1375 3602 1406 3672; x_wconf 85' lang='grc'>2,</span> <span class='ocrx_word' id='word_1_153' title='bbox 1433 3601 1490 3664; x_wconf 93' lang='lat' dir='ltr'>ubi</span> 
     </span>
     <span class='ocr_line' id='line_1_19' title="bbox 267 3701 1489 3787; baseline 0.002 -18"><span class='ocrx_word' id='word_1_154' title='bbox 267 3706 347 3769; x_wconf 92' lang='lat' dir='ltr'>nihil</span> <span class='ocrx_word' id='word_1_155' title='bbox 371 3707 548 3786; x_wconf 87' lang='lat' dir='ltr'>quominus</span> <span class='ocrx_word' id='word_1_156' title='bbox 572 3701 755 3787; x_wconf 80' lang='lat' dir='ltr'>impeditus</span> <span class='ocrx_word' id='word_1_157' title='bbox 779 3702 846 3771; x_wconf 74' lang='lat' dir='ltr'>sibi</span> <span class='ocrx_word' id='word_1_158' title='bbox 870 3703 1054 3773; x_wconf 79' lang='lat' dir='ltr'>uidebatur</span> <span class='ocrx_word' id='word_1_159' title='bbox 1076 3713 1221 3773; x_wconf 87' lang='lat' dir='ltr'>vertatur</span> <span class='ocrx_word' id='word_1_160' title='bbox 1244 3709 1373 3773; x_wconf 90' lang='lat' dir='ltr'>obstare</span> <span class='ocrx_word' id='word_1_161' title='bbox 1402 3708 1489 3772; x_wconf 88' lang='lat' dir='ltr'>vide·</span> 
     </span>
     <span class='ocr_line' id='line_1_20' title="bbox 266 3792 1489 3898; baseline 0.002 -23"><span class='ocrx_word' id='word_1_162' title='bbox 266 3809 343 3898; x_wconf 87' lang='lat' dir='ltr'>tur);</span> <span class='ocrx_word' id='word_1_163' title='bbox 367 3812 447 3874; x_wconf 90' lang='lat' dir='ltr'>nihil</span> <span class='ocrx_word' id='word_1_164' title='bbox 472 3819 560 3877; x_wconf 85' lang='lat' dir='ltr'>cente</span> <span class='ocrx_word' id='word_1_165' title='bbox 585 3811 764 3877; x_wconf 84' lang='lat' dir='ltr'>offenderet</span> <span class='ocrx_word' id='word_1_166' title='bbox 786 3814 819 3876; x_wconf 93' lang='lat' dir='ltr'>in</span> <span class='ocrx_word' id='word_1_167' title='bbox 843 3815 1028 3878; x_wconf 85' lang='lat' dir='ltr'>narratione</span> <span class='ocrx_word' id='word_1_168' title='bbox 1052 3815 1192 3880; x_wconf 85' lang='lat' dir='ltr'>maxime</span> <span class='ocrx_word' id='word_1_169' title='bbox 1220 3817 1393 3896; x_wconf 89' lang='lat' dir='ltr'>perspIcua</span> <span class='ocrx_word' id='word_1_170' title='bbox 1421 3792 1489 3878; x_wconf 87' lang='lat' dir='ltr'>mu·</span> 
     </span>
     <span class='ocr_line' id='line_1_21' title="bbox 266 3918 1487 4002; baseline 0.002 -21"><span class='ocrx_word' id='word_1_171' title='bbox 266 3919 346 3982; x_wconf 87' lang='lat' dir='ltr'>talio</span> <span class='ocrx_word' id='word_1_172' title='bbox 375 3918 523 3994; x_wconf 90' lang='lat' dir='ltr'>subiecti,</span> <span class='ocrx_word' id='word_1_173' title='bbox 555 3938 653 4000; x_wconf 88' lang='lat' dir='ltr'>quam</span> <span class='ocrx_word' id='word_1_174' title='bbox 681 3938 816 3984; x_wconf 89' lang='lat' dir='ltr'>causam</span> <span class='ocrx_word' id='word_1_175' title='bbox 845 3939 904 3984; x_wconf 91' lang='lat' dir='ltr'>cur</span> <span class='ocrx_word' id='word_1_176' title='bbox 930 3923 964 3984; x_wconf 95' lang='lat' dir='ltr'>in</span> <span class='ocrx_word' id='word_1_177' title='bbox 988 3923 1092 3987; x_wconf 89' lang='lat' dir='ltr'>Vatic.</span> <span class='ocrx_word' id='word_1_178' title='bbox 1120 3923 1333 3997; x_wconf 81' lang='lat' dir='ltr'>correctione,</span> <span class='ocrx_word' id='word_1_179' title='bbox 1361 3921 1487 4002; x_wconf 90' lang='lat' dir='ltr'>opinor,</span> 
     </span>
     <span class='ocr_line' id='line_1_22' title="bbox 268 4024 1490 4110; baseline 0.003 -22"><span class='ocrx_word' id='word_1_180' title='bbox 268 4027 453 4089; x_wconf 80' lang='grc' dir='ltr'><em>ἐποιοῦντο</em></span> <span class='ocrx_word' id='word_1_181' title='bbox 474 4026 630 4106; x_wconf 86' lang='lat' dir='ltr'>scriptum</span> <span class='ocrx_word' id='word_1_182' title='bbox 649 4027 691 4090; x_wconf 88' lang='lat' dir='ltr'>sit</span> <span class='ocrx_word' id='word_1_183' title='bbox 710 4024 810 4091; x_wconf 87' lang='lat' dir='ltr'>fnisse</span> <span class='ocrx_word' id='word_1_184' title='bbox 824 4028 984 4108; x_wconf 86' lang='lat' dir='ltr'>suspicari</span> <span class='ocrx_word' id='word_1_185' title='bbox 997 4029 1082 4093; x_wconf 88' lang='lat' dir='ltr'>licet.</span> <span class='ocrx_word' id='word_1_186' title='bbox 1117 4031 1200 4093; x_wconf 91' lang='lat' dir='ltr'>Nam</span> <span class='ocrx_word' id='word_1_187' title='bbox 1215 4029 1347 4110; x_wconf 80' lang='lat' dir='ltr'>vulgata</span> <span class='ocrx_word' id='word_1_188' title='bbox 1360 4029 1490 4092; x_wconf 79' lang='grc' dir='ltr'><em>ἐποιεῖτο</em></span> 
     </span>
     <span class='ocr_line' id='line_1_23' title="bbox 268 4131 1489 4222; baseline 0.002 -27"><span class='ocrx_word' id='word_1_189' title='bbox 268 4132 346 4196; x_wconf 83' lang='lat' dir='ltr'>salis</span> <span class='ocrx_word' id='word_1_190' title='bbox 379 4132 487 4196; x_wconf 86' lang='lat' dir='ltr'>verbis</span> <span class='ocrx_word' id='word_1_191' title='bbox 519 4131 685 4196; x_wconf 80' lang='lat' dir='ltr'>Plutarchi</span> <span class='ocrx_word' id='word_1_192' title='bbox 715 4132 797 4218; x_wconf 86' lang='lat' dir='ltr'>(Nic.</span> <span class='ocrx_word' id='word_1_193' title='bbox 826 4132 894 4222; x_wconf 87' lang='lat'>18):</span> <span class='ocrx_word' id='word_1_194' title='bbox 930 4135 1005 4199; x_wconf 78' lang='grc' dir='ltr'><em>οὐδὲ</em></span> <span class='ocrx_word' id='word_1_195' title='bbox 1034 4136 1180 4219; x_wconf 80' lang='grc' dir='ltr'><em>φυλακὴν</em></span> <span class='ocrx_word' id='word_1_196' title='bbox 1208 4137 1392 4218; x_wconf 81' lang='grc' dir='ltr'><em>ἐποιήσατο</em></span> <span class='ocrx_word' id='word_1_197' title='bbox 1422 4135 1489 4216; x_wconf 83' lang='grc' dir='ltr'><em>(τοῦ</em></span> 
     </span>
     <span class='ocr_line' id='line_1_24' title="bbox 266 4237 1487 4327; baseline 0.003 -26"><span class='ocrx_word' id='word_1_198' title='bbox 266 4237 442 4322; x_wconf 80' lang='grc' dir='ltr'><em>Γυλίππου)</em></span> <span class='ocrx_word' id='word_1_199' title='bbox 474 4239 674 4321; x_wconf 79' lang='grc' dir='ltr'><em>καταίροντος</em></span> <span class='ocrx_word' id='word_1_200' title='bbox 706 4241 947 4320; x_wconf 88' lang='lat' dir='ltr'>comprobatur.</span> <span class='ocrx_word' id='word_1_201' title='bbox 974 4279 1015 4288; x_wconf 93' lang='lat'>—</span> <span class='ocrx_word' id='word_1_202' title='bbox 1041 4242 1076 4305; x_wconf 89' lang='lat' dir='ltr'>In</span> <span class='ocrx_word' id='word_1_203' title='bbox 1103 4240 1126 4327; x_wconf 67' lang='grc' dir='ltr'><strong><em>ξ</em></strong></span> <span class='ocrx_word' id='word_1_204' title='bbox 1153 4242 1173 4306; x_wconf 90' lang='grc'><strong>3</strong></span> <span class='ocrx_word' id='word_1_205' title='bbox 1203 4241 1346 4306; x_wconf 84' lang='lat' dir='ltr'>Stahlius</span> <span class='ocrx_word' id='word_1_206' title='bbox 1373 4241 1406 4304; x_wconf 93' lang='lat' dir='ltr'>in</span> <span class='ocrx_word' id='word_1_207' title='bbox 1435 4242 1487 4306; x_wconf 91' lang='lat' dir='ltr'>ed.</span> 
     </span>
     <span class='ocr_line' id='line_1_25' title="bbox 268 4345 1488 4437; baseline 0.001 -28"><span class='ocrx_word' id='word_1_208' title='bbox 268 4345 323 4409; x_wconf 90' lang='lat' dir='ltr'>alt.</span> <span class='ocrx_word' id='word_1_209' title='bbox 345 4350 433 4410; x_wconf 88' lang='lat' dir='ltr'>recte</span> <span class='ocrx_word' id='word_1_210' title='bbox 448 4345 649 4426; x_wconf 80' lang='lat' dir='ltr'>Kruegernm</span> <span class='ocrx_word' id='word_1_211' title='bbox 667 4347 702 4408; x_wconf 91' lang='lat' dir='ltr'>in</span> <span class='ocrx_word' id='word_1_212' title='bbox 721 4347 881 4437; x_wconf 83' lang='lat' dir='ltr'>scriptura</span> <span class='ocrx_word' id='word_1_213' title='bbox 900 4348 1136 4431; x_wconf 66' lang='grc' dir='ltr'><em>[πανστρατιᾷ</em></span> <span class='ocrx_word' id='word_1_214' title='bbox 1154 4346 1269 4432; x_wconf 87' lang='lat' dir='ltr'>(Vatio.</span> <span class='ocrx_word' id='word_1_215' title='bbox 1287 4345 1488 4433; x_wconf 81' lang='grc' dir='ltr'><em>πανστρατιᾷ)</em></span> 
     </span>
     <span class='ocr_line' id='line_1_26' title="bbox 268 4453 1489 4536; baseline 0.002 -20"><span class='ocrx_word' id='word_1_216' title='bbox 268 4453 430 4516; x_wconf 88' lang='lat' dir='ltr'>servanda</span> <span class='ocrx_word' id='word_1_217' title='bbox 452 4459 586 4517; x_wconf 89' lang='lat' dir='ltr'>secutus</span> <span class='ocrx_word' id='word_1_218' title='bbox 610 4460 669 4528; x_wconf 87' lang='lat' dir='ltr'>est,</span> <span class='ocrx_word' id='word_1_219' title='bbox 697 4454 783 4534; x_wconf 85' lang='lat' dir='ltr'>quod</span> <span class='ocrx_word' id='word_1_220' title='bbox 800 4453 1000 4519; x_wconf 84' lang='lat' dir='ltr'>Selinuntios</span> <span class='ocrx_word' id='word_1_221' title='bbox 1018 4455 1073 4535; x_wconf 82' lang='lat' dir='ltr'>qni</span> <span class='ocrx_word' id='word_1_222' title='bbox 1089 4455 1284 4536; x_wconf 81' lang='lat' dir='ltr'>Segestanos</span> <span class='ocrx_word' id='word_1_223' title='bbox 1309 4454 1394 4518; x_wconf 91' lang='lat' dir='ltr'>bello</span> <span class='ocrx_word' id='word_1_224' title='bbox 1418 4474 1489 4534; x_wconf 92' lang='lat' dir='ltr'>pre·</span> 
     </span>
     <span class='ocr_line' id='line_1_27' title="bbox 268 4559 1487 4642; baseline 0 -18"><span class='ocrx_word' id='word_1_225' title='bbox 268 4567 395 4624; x_wconf 90' lang='lat' dir='ltr'>merent</span> <span class='ocrx_word' id='word_1_226' title='bbox 417 4561 494 4624; x_wconf 88' lang='lat' dir='ltr'>totis</span> <span class='ocrx_word' id='word_1_227' title='bbox 518 4559 641 4624; x_wconf 90' lang='lat' dir='ltr'>viribus</span> <span class='ocrx_word' id='word_1_228' title='bbox 665 4560 839 4626; x_wconf 87' lang='lat' dir='ltr'>subvenire</span> <span class='ocrx_word' id='word_1_229' title='bbox 863 4561 1008 4641; x_wconf 88' lang='lat' dir='ltr'>potuisse</span> <span class='ocrx_word' id='word_1_230' title='bbox 1030 4562 1098 4625; x_wconf 91' lang='lat' dir='ltr'>veri</span> <span class='ocrx_word' id='word_1_231' title='bbox 1121 4579 1236 4642; x_wconf 86' lang='lat' dir='ltr'>parum</span> <span class='ocrx_word' id='word_1_232' title='bbox 1260 4562 1364 4628; x_wconf 91' lang='lat' dir='ltr'>simile</span> <span class='ocrx_word' id='word_1_233' title='bbox 1382 4569 1487 4640; x_wconf 89' lang='lat' dir='ltr'>esset;</span> 
     </span>
    </p>
   </div>
   <div class='ocr_carea' id='block_1_7' title="bbox 0 0 1629 5060">
    <p class='ocr_par' dir='ltr' id='par_1_7' title="bbox 0 0 1629 5060">
     <span class='ocr_line' id='line_1_28' title="bbox 0 0 1629 5060; baseline 0 0"><span class='ocrx_word' id='word_1_234' title='bbox 0 0 1629 5060; x_wconf 95' lang='lat' dir='ltr'> </span> 
     </span>
    </p>
   </div>
  </div>
 </body>
</html>
