3262 5052
737 329 801 393 109

247 510 307 589 67,
331 509 352 572 5
375 509 615 592 παρενόμησαν,
640 508 729 588 quod
753 507 920 572 Herwerd.
951 523 1009 586 pro
1037 505 1268 588 παρηνόμησαν
1296 509 1384 567 recte

160 617 298 696 scripsit,
327 617 362 679 in
392 616 487 679 Laut.
517 619 615 678 extat.
642 651 686 662 -—
708 615 745 678 In
769 612 791 698 ξ
817 615 835 676 7
860 613 968 694 polius
995 611 1076 693 πρὸς
1102 610 1174 681 τοὺς
1203 611 1385 692 ξύμπαντας

160 717 247 806 (τὰς)
274 715 458 804 όιογνῶμας
479 722 656 804 ποιήσησθε
679 720 890 784 scribendum
913 725 974 795 cst,
1000 738 1077 784 cum
1103 717 1157 788 τὰς
1185 723 1316 798 propter
1344 716 1383 777 si-

158 829 270 894 milem
288 829 380 894 verbi
399 829 626 908 praecedentis
645 827 908 891 terminationem
927 827 1079 892 excidere
1094 823 1188 890 tacite
1203 819 1382 904 potuerit¹;

157 937 332 1002 articulum
360 937 414 1000 hic
442 937 477 1000 in
503 953 539 1000 re
568 941 632 1005 τοῖς
654 933 785 1016 ἡγεμόσι
808 932 961 998 sollemni
984 934 1151 1014 aptissime
1174 932 1263 1012 poni,
1289 928 1384 993 facile

156 1060 274 1108 omnes
298 1043 494 1107 concedent.
533 1041 692 1105 inutiliter
710 1041 876 1104 Herwerd.
898 1041 1017 1104 tacitns
1035 1039 1116 1122 πρὸς
1134 1039 1169 1102 τὸ
1187 1039 1315 1121 ξύμπαν
1332 1035 1386 1105 τὰς

156 1149 348 1232 ὀισγνώμος-
365 1150 428 1213 κτλ.
452 1149 591 1228 scripsit,
618 1145 659 1211 cl.
686 1147 797 1212 adnot.
824 1143 1012 1228 Kruegeri.²

246 1257 310 1337 68,
335 1257 364 1320 1.
405 1256 460 1319 καὶ
483 1255 533 1318 ὅτε
555 1256 684 1338 ὕστερον
706 1256 727 1316 ἃ
750 1289 794 1300 --
817 1255 1000 1336 προείχονιο
1023 1254 1129 1324 αὐτοῖς
1155 1251 1282 1322 κοινοὺς
1310 1249 1386 1314 εἶναι

153 1365 219 1426 κατ’
247 1365 351 1428 ἐκεῖνα
374 1363 422 1433 ὡς
444 1363 504 1425 οὐκ
528 1361 682 1434 ἐδέξαντο,
705 1361 875 1443 ἡγούμενοι
897 1358 970 1445 κτλ]
998 1361 1084 1424 hane
1109 1360 1260 1424 codicum
1285 1358 1384 1436 serip-

152 1475 263 1534 turam
293 1471 416 1533 servari
445 1487 513 1532 non
540 1485 639 1547 posse
667 1485 782 1531 omnes
811 1466 879 1532 lere
902 1467 1122 1532 consentiunt.
1171 1466 1386 1531 Heilmannus
1453 1473 1455 1476 ·

153 1577 174 1637 ἃ
206 1577 340 1652 delevit,
373 1593 473 1657 quern
503 1581 637 1638 secutus
668 1572 811 1638 Stahlius
842 1574 940 1638 etiam
971 1580 1045 1655 post
1068 1575 1114 1644 ὡς
1136 1572 1331 1654 particulam
1355 1571 1384 1633 δ’

153 1683 305 1760 inseruit,
332 1690 367 1747 ut
386 1683 462 1745 διότι
477 1731 483 1744 .
499 1731 505 1744 .
521 1682 629 1763 ἠξίουν
647 1686 680 1744 et
698 1681 868 1763 ἡγούμενοι
886 1680 977 1745 iuxta
993 1687 1207 1762 ponerentur;
1234 1678 1387 1759 equidem

153 1793 267 1856 verbis
300 1791 376 1854 διότι
391 1839 397 1852 .
414 1813 469 1852 ,τε
484 1837 490 1850 .
506 1838 512 1850 .
527 1789 635 1870 ἠξίουν
668 1787 769 1851 verba
800 1788 853 1850 καὶ
872 1837 878 1850 .
899 1837 905 1850 .
925 1789 1095 1870 ἡγούμενοι
1125 1785 1178 1870 (de
1206 1785 1386 1850 mutatione

154 1896 190 1960 in
219 1898 335 1978 partic.
366 1895 455 1960 facta
481 1893 521 1958 cl.
553 1895 576 1969 Ι,
605 1894 633 1970 1,
663 1891 692 1978 1)
723 1895 922 1974 respondere
945 1895 1055 1975 potius
1077 1895 1270 1974 putaverim,
1297 1891 1386 1972 quod

154 2021 225 2068 una
252 2005 360 2068 littera
390 2001 497 2066 deleta
525 2021 583 2082 per
610 2001 771 2082 reliquum
801 2019 987 2066 sermonem
1015 1999 1084 2064 lieri
1113 1999 1199 2076 licet,
1226 1999 1253 2062 si
1276 1999 1385 2060 locum

155 2111 204 2175 sic
221 2111 417 2175 scribemus:
444 2109 506 2181 nal,
525 2109 575 2172 ὅτε
588 2109 726 2190 ὕστερον,
740 2110 761 2171 ἀ
775 2145 819 2154 -
832 2109 1015 2190 προείχσντο
1034 2107 1147 2178 αὐτοῖς,
1170 2103 1296 2174 κοινοὺς
1309 2103 1386 2166 εἶναι

155 2219 223 2280 κατ’
250 2219 388 2289 ἐκείνας,
411 2217 471 2279 οὐκ
494 2215 648 2288 ἐδέξαντο,
672 2216 842 2297 ἡγούμενοι
864 2215 926 2277 κτλ.
964 2213 988 2276 F
990 2213 1170 2277 emininum
1191 2211 1311 2282 ἐκείνας
1331 2227 1385 2290 op-

156 2325 237 2388 time
260 2324 342 2387 illud
363 2323 419 2394 τὰς
440 2321 575 2391 παλαιὰς
588 2359 632 2366 -
646 2321 785 2392 σπονδὰς
808 2322 965 2401 sequitur,
987 2326 1020 2383 et
1040 2337 1116 2384 cum
1135 2319 1181 2389 ὡς
1196 2317 1386 2398 saepissime

157 2449 219 2510 per
245 2429 479 2512 compendium
506 2429 633 2494 litterae
656 2453 673 2498 ς
696 2427 895 2492 simillimum
923 2425 1094 2502 scribatur,
1126 2445 1166 2490 ex
1196 2426 1257 2488 bac
1281 2423 1388 2488 littera

157 2534 255 2602 facile
268 2537 356 2601 *oriri
380 2536 493 2616 potuit.
542 2534 696 2615 Apparet,
723 2535 914 2599 adverbium
932 2535 1061 2616 ὕστερον
1079 2533 1202 2598 idcirco
1224 2551 1290 2596 non
1307 2533 1388 2595 arcte

158 2646 429 2709 coniunctionem
452 2643 502 2706 ὅτε
525 2643 668 2722 positum
692 2660 775 2718 esse,
802 2641 879 2722 qnia
901 2639 1070 2721 participio
1089 2641 1260 2722 ἡγούμενοι
1278 2637 1387 2700 minus

159 2759 273 2832 aptum
297 2748 441 2814 futurum
459 2748 582 2825 ficisset,
605 2767 673 2829 quo
692 2749 854 2812 sententia
873 2765 1030 2828 praesens
1050 2746 1386 2811 Lacedaemoniorum

160 2857 370 2938 significatur.
411 2857 447 2920 ln
466 2857 605 2921 eandem
625 2857 849 2920 coniecturam
863 2854 1079 2919 Badbamium
1097 2851 1254 2916 incidisse
1273 2851 1384 2922 video;

161 2966 218 3045 qui
245 2970 415 3044 praeterea
444 2969 480 3027 ut
507 2965 573 3027 iarn
597 2963 710 3042 Poppo
739 2963 784 3025 ότι
807 2980 865 3042 pro
889 2963 939 3024 ὅτε
963 2959 1101 3040 scripsit,
1129 2958 1216 3038 quod
1241 2957 1310 3021 fieri
1334 2959 1387 3019 vix

160 3085 298 3135 necesse
321 3076 381 3134 est.
431 3070 499 3134 Nec
523 3070 626 3150 magis
650 3069 873 3133 necessarium
895 3074 944 3132 est
958 3069 976 3129 δ
989 3066 1173 3148 προείχοντο
1193 3061 1386 3150 (Herwerd.)

161 3177 315 3251 scribere,
342 3195 419 3240 cum
442 3177 483 3242 de
507 3183 576 3240 lota
590 3176 829 3240 Plataeensium
856 3173 1051 3238 condicione
1071 3178 1196 3252 agatur.
1218 3208 1259 3216 -
1281 3171 1317 3233 ln
1331 3167 1388 3254 §3

160 3303 219 3364 pro
247 3283 468 3366 ἑκατόμκοὸον
497 3285 591 3347 Laur.
617 3283 843 3365 ἑκατόμπεδον
871 3280 1011 3356 exhibet,
1044 3277 1129 3358 q'uae
1153 3275 1258 3342 forma
1279 3275 1388 3340 Attica

160 3389 261 3454 titulis
285 3389 499 3470 comprobata
524 3387 572 3475 (C.
599 3390 621 3453 Ι.
648 3389 713 3453 Ati.
740 3389 762 3465 l,
792 3386 854 3452 158
877 3387 899 3452 b
922 3384 955 3472 5)
980 3385 1182 3450 restituenda
1205 3389 1269 3455 est;
1300 3383 1388 3447 idem

162 3515 190 3559 c.
219 3495 271 3573 75,
298 3497 318 3560 3
342 3495 409 3560 fere
433 3497 524 3560 solus
548 3496 752 3578 Διοσκόρων,
782 3493 918 3558 formam
945 3512 1022 3558 vere
1050 3491 1202 3567 Atticam,
1233 3490 1385 3565 servavit,

162 3621 259 3682 quam
283 3603 462 3682 aliquando
485 3604 617 3684 agnovit
641 3601 785 3667 Stahlius
809 3607 876 3682 (qu.
902 3620 969 3686 gr.2
997 3621 1027 3681 p.
1054 3598 1121 3685 to).
1171 3597 1325 3662 Similiter
1348 3614 1389 3660 ex

253 3867 450 3923 ¹Contrarium
479 3869 610 3923 mendum
639 3885 675 3923 an
703 3869 802 3940 Hyper.
831 3869 874 3930 ΙΙΙ,
902 3870 953 3922 col.
977 3865 1084 3922 XXXVI
1108 3866 1152 3930 in,
1176 3865 1223 3920 ubi
1246 3864 1292 3917 καὶ
1316 3865 1389 3931 ὑμεῖς

161 3957 303 4023 πρόσωπόν
330 3977 357 4009 τε
383 3958 552 4025 ποιησάμενοι
580 3957 618 4016 ὥς
641 3957 697 4011 οἶόν
720 3977 746 4009 τε
768 3956 904 4010 κάλλιστον
921 3958 967 4010 καὶ
994 3956 1071 4009 τάλλα
1094 3955 1176 4008 πάντα
1199 3951 1234 4006 τὰ
1253 3953 1389 4006 ἀκόλουθα

162 4046 215 4097 κτλ.
240 4045 373 4115 scribitur,
398 4048 596 4102 removendum
621 4047 657 4101 sit
678 4047 781 4101 dubito.
826 4031 918 4113 Longe
942 4047 1014 4101 enim
1039 4045 1129 4114 aplius
1153 4048 1244 4099 orator
1267 4043 1339 4110 dicit,
1363 4049 1389 4096 et

163 4136 267 4188 vultum
291 4136 504 4204 pulcherrimum
523 4141 551 4189 et
569 4141 661 4190 cetera
685 4135 778 4188 omnia
795 4139 822 4189 ei
841 4139 1041 4192 conuenientia
1059 4137 1133 4190 facta
1151 4150 1221 4198 esse,
1241 4149 1312 4202 quae
1331 4147 1390 4186 sen·

164 4224 249 4277 tentia
266 4224 318 4278 nisi
337 4225 451 4280 articulo
469 4224 500 4278 τὰ
519 4225 609 4279 deleto
628 4241 685 4279 non
703 4223 802 4278 evadit.
896 4259 899 4266 ι

251 4311 297 4381 ’ᾗ
317 4314 504 4368 srenissimo
524 4313 646 4368 Stahlius
665 4313 730 4380 κατ’
751 4313 836 4371 οἰκίας
860 4313 941 4368 scribi
963 4313 1051 4368 iussit.
1089 4313 1163 4367 ldem
1188 4327 1262 4365 error
1285 4311 1303 4371 l,
1329 4308 1388 4373 137,

164 4399 372 4480 2corrigendus
396 4419 459 4456 esse
480 4403 595 4466 videtur,
619 4401 666 4455 ubi
689 4402 718 4456 in
742 4403 820 4456 Laur.
845 4401 904 4455 solo
926 4403 1077 4471 πειθομένῳ
1100 4401 1202 4468 ὁάιίτῴ
1224 4399 1301 4466 χάριν
1325 4397 1389 4451 ἀτο-

165 4489 387 4558 μν(ησι9)ήσεσιλαι
405 4491 458 4544 καὶ
477 4491 552 4554 ἀξίαν
570 4490 705 4556 scribitur,
725 4491 798 4560 quod
816 4488 879 4542 κατ’
900 4489 975 4553 ἀξίαν
994 4508 1057 4546 esse
1075 4492 1164 4554 debet,
1184 4489 1217 4544 cs.
1238 4488 1291 4550 vll,
1307 4489 1350 4552 77,
1363 4488 1389 4541 3.

165 4577 196 4631 ln
214 4579 311 4632 ceteris
329 4579 469 4649 particula,
490 4597 560 4650 quae
578 4579 626 4634 vix
644 4579 763 4648 intellegi
781 4580 895 4648 poterat,
914 4581 1018 4636 omissa
1037 4587 1086 4636 est.
