<?xml version="1.0" encoding="UTF-8"?>
<!DOCTYPE html PUBLIC "-//W3C//DTD XHTML 1.0 Transitional//EN"
    "http://www.w3.org/TR/xhtml1/DTD/xhtml1-transitional.dtd">
<html xmlns="http://www.w3.org/1999/xhtml" xml:lang="en" lang="en">
 <head>
  <title>
</title>
<meta http-equiv="Content-Type" content="text/html;charset=utf-8" />
  <meta name='ocr-system' content='tesseract 3.04.00' />
  <meta name='ocr-capabilities' content='ocr_page ocr_carea ocr_par ocr_line ocrx_word'/>
</head>
<body>
  <div class='ocr_page' id='page_1' title='image "./commentariicrit00hudegoog_0117.png"; bbox 0 0 3262 5052; ppageno 0'>
   <div class='ocr_carea' id='block_1_1' title="bbox 829 324 892 389">
    <p class='ocr_par' dir='ltr' id='par_1_1' title="bbox 829 324 892 389">
     <span class='ocr_line' id='line_1_1' title="bbox 829 324 892 389; baseline 0.016 -1"><span class='ocrx_word' id='word_1_1' title='bbox 829 324 892 389; x_wconf 81' lang='lat'>104</span> 
     </span>
    </p>
   </div>
   <div class='ocr_carea' id='block_1_2' title="bbox 191 499 1478 3996">
    <p class='ocr_par' dir='ltr' id='par_1_2' title="bbox 191 499 1478 3996">
     <span class='ocr_line' id='line_1_2' title="bbox 247 499 1473 590; baseline -0.001 -24"><span class='ocrx_word' id='word_1_2' title='bbox 247 501 385 590; x_wconf 86' lang='lat' dir='ltr'>simm.);</span> <span class='ocrx_word' id='word_1_3' title='bbox 424 504 483 568; x_wconf 90' lang='lat' dir='ltr'>sed</span> <span class='ocrx_word' id='word_1_4' title='bbox 520 503 656 584; x_wconf 85' lang='lat' dir='ltr'>simplex</span> <span class='ocrx_word' id='word_1_5' title='bbox 688 503 719 566; x_wconf 92' lang='lat' dir='ltr'>h.</span> <span class='ocrx_word' id='word_1_6' title='bbox 755 503 775 565; x_wconf 94' lang='lat' dir='ltr'>l.</span> <span class='ocrx_word' id='word_1_7' title='bbox 811 502 914 566; x_wconf 88' lang='lat' dir='ltr'>multo</span> <span class='ocrx_word' id='word_1_8' title='bbox 951 503 1059 582; x_wconf 86' lang='lat' dir='ltr'>aptius</span> <span class='ocrx_word' id='word_1_9' title='bbox 1096 507 1160 576; x_wconf 92' lang='lat' dir='ltr'>est,</span> <span class='ocrx_word' id='word_1_10' title='bbox 1199 499 1240 565; x_wconf 87' lang='lat' dir='ltr'>ol.</span> <span class='ocrx_word' id='word_1_11' title='bbox 1277 501 1305 576; x_wconf 92' lang='lat' dir='ltr'>l,</span> <span class='ocrx_word' id='word_1_12' title='bbox 1341 499 1397 574; x_wconf 82' lang='lat'>73,</span> <span class='ocrx_word' id='word_1_13' title='bbox 1435 500 1473 565; x_wconf 88' lang='lat'>3:</span> 
     </span>
     <span class='ocr_line' id='line_1_3' title="bbox 247 611 1109 693; baseline 0 -19"><span class='ocrx_word' id='word_1_14' title='bbox 247 611 425 693; x_wconf 80' lang='grc' dir='ltr'><strong><em>ῥηθήσεται.</em></strong></span> <span class='ocrx_word' id='word_1_15' title='bbox 959 625 961 630; x_wconf 82' lang='grc'>’</span> <span class='ocrx_word' id='word_1_16' title='bbox 1105 656 1109 664; x_wconf 75' lang='grc'><em>.</em></span> 
     </span>
     <span class='ocr_line' id='line_1_4' title="bbox 340 714 1476 800; baseline -0.004 -18"><span class='ocrx_word' id='word_1_17' title='bbox 340 717 399 795; x_wconf 78' lang='grc'>56,</span> <span class='ocrx_word' id='word_1_18' title='bbox 423 716 454 780; x_wconf 80' lang='lat'>2.</span> <span class='ocrx_word' id='word_1_19' title='bbox 481 717 591 799; x_wconf 83' lang='grc' dir='ltr'><strong><em>ὀρθῶς</em></strong></span> <span class='ocrx_word' id='word_1_20' title='bbox 614 716 879 800; x_wconf 56' lang='grc' dir='ltr'><strong><em>ἐτιμωρησάμεθα</em></strong></span> <span class='ocrx_word' id='word_1_21' title='bbox 903 715 983 798; x_wconf 70' lang='grc' dir='ltr'><strong><em>κτλ]</em></strong></span> <span class='ocrx_word' id='word_1_22' title='bbox 1008 715 1103 778; x_wconf 79' lang='lat' dir='ltr'>Laur.</span> <span class='ocrx_word' id='word_1_23' title='bbox 1129 714 1240 796; x_wconf 85' lang='grc' dir='ltr'><strong><em>ὀρθῶς</em></strong></span> <span class='ocrx_word' id='word_1_24' title='bbox 1262 739 1299 778; x_wconf 84' lang='grc' dir='ltr'>τε</span> <span class='ocrx_word' id='word_1_25' title='bbox 1321 715 1395 797; x_wconf 76' lang='grc' dir='ltr'><strong><em>ἐτιμ.</em></strong></span> <span class='ocrx_word' id='word_1_26' title='bbox 1420 733 1476 778; x_wconf 82' lang='lat' dir='ltr'>ex·</span> 
     </span>
     <span class='ocr_line' id='line_1_5' title="bbox 247 807 1476 903; baseline -0.002 -16"><span class='ocrx_word' id='word_1_27' title='bbox 247 823 348 899; x_wconf 87' lang='lat' dir='ltr'>hibet,</span> <span class='ocrx_word' id='word_1_28' title='bbox 384 822 473 903; x_wconf 87' lang='lat' dir='ltr'>qnod</span> <span class='ocrx_word' id='word_1_29' title='bbox 505 822 730 902; x_wconf 88' lang='lat' dir='ltr'>recipiendum</span> <span class='ocrx_word' id='word_1_30' title='bbox 762 841 836 886; x_wconf 88' lang='lat' dir='ltr'>esse</span> <span class='ocrx_word' id='word_1_31' title='bbox 855 807 958 902; x_wconf 90' lang='lat' dir='ltr'>puto,</span> <span class='ocrx_word' id='word_1_32' title='bbox 993 827 1029 885; x_wconf 90' lang='lat' dir='ltr'>ut</span> <span class='ocrx_word' id='word_1_33' title='bbox 1061 821 1174 901; x_wconf 88' lang='lat' dir='ltr'>partic.</span> <span class='ocrx_word' id='word_1_34' title='bbox 1200 844 1232 884; x_wconf 83' lang='grc' dir='ltr'>τε</span> <span class='ocrx_word' id='word_1_35' title='bbox 1258 821 1301 884; x_wconf 85' lang='lat' dir='ltr'>ad</span> <span class='ocrx_word' id='word_1_36' title='bbox 1324 839 1365 885; x_wconf 87' lang='lat' dir='ltr'>ea</span> <span class='ocrx_word' id='word_1_37' title='bbox 1388 839 1476 901; x_wconf 85' lang='lat' dir='ltr'>quae</span> 
     </span>
     <span class='ocr_line' id='line_1_6' title="bbox 191 924 1477 1010; baseline 0 -18"><span class='ocrx_word' id='word_1_38' title='bbox 191 995 194 1003; x_wconf 75' lang='grc'><strong>,</strong></span> <span class='ocrx_word' id='word_1_39' title='bbox 246 927 330 992; x_wconf 85' lang='lat' dir='ltr'>inira</span> <span class='ocrx_word' id='word_1_40' title='bbox 353 935 548 1010; x_wconf 90' lang='lat' dir='ltr'>sequuntur:</span> <span class='ocrx_word' id='word_1_41' title='bbox 574 929 639 992; x_wconf 83' lang='grc' dir='ltr'><strong><em>καί</em></strong></span> <span class='ocrx_word' id='word_1_42' title='bbox 661 935 718 993; x_wconf 88' lang='grc' dir='ltr'>νῦν</span> <span class='ocrx_word' id='word_1_43' title='bbox 738 930 798 993; x_wconf 81' lang='grc' dir='ltr'>οὐκ</span> <span class='ocrx_word' id='word_1_44' title='bbox 817 931 856 992; x_wconf 83' lang='grc' dir='ltr'><strong><em>ἂν</em></strong></span> <span class='ocrx_word' id='word_1_45' title='bbox 876 928 1006 998; x_wconf 65' lang='lat' dir='ltr'>sindico</span> <span class='ocrx_word' id='word_1_46' title='bbox 1023 927 1086 991; x_wconf 83' lang='grc' dir='ltr'><strong><em>κτλ.</em></strong></span> <span class='ocrx_word' id='word_1_47' title='bbox 1104 924 1278 1001; x_wconf 67' lang='lat' dir='ltr'>reseratum</span> <span class='ocrx_word' id='word_1_48' title='bbox 1305 927 1345 992; x_wconf 93' lang='lat' dir='ltr'>de</span> <span class='ocrx_word' id='word_1_49' title='bbox 1363 927 1477 992; x_wconf 85' lang='lat' dir='ltr'>verbis</span> 
     </span>
     <span class='ocr_line' id='line_1_7' title="bbox 248 1032 1476 1121; baseline 0 -23"><span class='ocrx_word' id='word_1_50' title='bbox 248 1036 291 1098; x_wconf 77' lang='grc' dir='ltr'>δι’</span> <span class='ocrx_word' id='word_1_51' title='bbox 316 1034 430 1106; x_wconf 79' lang='grc' dir='ltr'><strong><em>αὐτοὺς</em></strong></span> <span class='ocrx_word' id='word_1_52' title='bbox 453 1033 494 1100; x_wconf 86' lang='lat' dir='ltr'>cf.</span> <span class='ocrx_word' id='word_1_53' title='bbox 520 1035 562 1100; x_wconf 79' lang='lat' dir='ltr'>ud</span> <span class='ocrx_word' id='word_1_54' title='bbox 586 1036 653 1111; x_wconf 92' lang='lat' dir='ltr'>Vll,</span> <span class='ocrx_word' id='word_1_55' title='bbox 679 1035 732 1112; x_wconf 83' lang='grc'>42,</span> <span class='ocrx_word' id='word_1_56' title='bbox 758 1036 790 1098; x_wconf 79' lang='grc'>4.</span> <span class='ocrx_word' id='word_1_57' title='bbox 818 1073 859 1082; x_wconf 85' lang='grc'>-</span> <span class='ocrx_word' id='word_1_58' title='bbox 882 1033 905 1121; x_wconf 66' lang='grc' dir='ltr'><strong><em>ξ</em></strong></span> <span class='ocrx_word' id='word_1_59' title='bbox 928 1034 958 1098; x_wconf 90' lang='grc'>3.</span> <span class='ocrx_word' id='word_1_60' title='bbox 988 1036 1017 1098; x_wconf 88' lang='grc' dir='ltr'><strong><em>εί</em></strong></span> <span class='ocrx_word' id='word_1_61' title='bbox 1040 1032 1170 1117; x_wconf 79' lang='grc' dir='ltr'><strong><em>γὰρτῷ</em></strong></span> <span class='ocrx_word' id='word_1_62' title='bbox 1192 1035 1303 1098; x_wconf 82' lang='grc' dir='ltr'><strong><em>αὐτίκα</em></strong></span> <span class='ocrx_word' id='word_1_63' title='bbox 1326 1035 1476 1117; x_wconf 83' lang='grc' dir='ltr'><strong><em>χρησίμῳ</em></strong></span> 
     </span>
     <span class='ocr_line' id='line_1_8' title="bbox 247 1139 1475 1224; baseline 0 -21"><span class='ocrx_word' id='word_1_64' title='bbox 247 1142 340 1224; x_wconf 80' lang='grc' dir='ltr'><strong><em>ὑμῶν</em></strong></span> <span class='ocrx_word' id='word_1_65' title='bbox 362 1165 393 1204; x_wconf 86' lang='grc' dir='ltr'>τι</span> <span class='ocrx_word' id='word_1_66' title='bbox 416 1142 469 1205; x_wconf 84' lang='grc' dir='ltr'><strong><em>καί</em></strong></span> <span class='ocrx_word' id='word_1_67' title='bbox 492 1143 621 1206; x_wconf 75' lang='grc' dir='ltr'><strong><em>ἐκείνων</em></strong></span> <span class='ocrx_word' id='word_1_68' title='bbox 643 1143 785 1224; x_wconf 79' lang='grc' dir='ltr'><em>πολεμίῳ</em></span> <span class='ocrx_word' id='word_1_69' title='bbox 806 1141 841 1205; x_wconf 82' lang='grc' dir='ltr'>τὸ</span> <span class='ocrx_word' id='word_1_70' title='bbox 866 1143 986 1206; x_wconf 82' lang='grc' dir='ltr'><strong><em>δίκαιον</em></strong></span> <span class='ocrx_word' id='word_1_71' title='bbox 1013 1140 1172 1224; x_wconf 82' lang='grc' dir='ltr'><strong><em>λήψεσθε]</em></strong></span> <span class='ocrx_word' id='word_1_72' title='bbox 1201 1141 1295 1206; x_wconf 86' lang='lat' dir='ltr'>locus</span> <span class='ocrx_word' id='word_1_73' title='bbox 1324 1139 1475 1206; x_wconf 81' lang='lat' dir='ltr'>difficilli-</span> 
     </span>
     <span class='ocr_line' id='line_1_9' title="bbox 237 1245 1476 1329; baseline -0.003 -13"><span class='ocrx_word' id='word_1_74' title='bbox 237 1267 321 1316; x_wconf 87' lang='lat' dir='ltr'>mus</span> <span class='ocrx_word' id='word_1_75' title='bbox 354 1248 496 1312; x_wconf 80' lang='lat' dir='ltr'>necdum</span> <span class='ocrx_word' id='word_1_76' title='bbox 528 1249 607 1313; x_wconf 88' lang='lat' dir='ltr'>satis</span> <span class='ocrx_word' id='word_1_77' title='bbox 640 1249 843 1329; x_wconf 87' lang='lat' dir='ltr'>explanatus.</span> <span class='ocrx_word' id='word_1_78' title='bbox 880 1245 1076 1322; x_wconf 82' lang='lat' dir='ltr'>Offendunt,</span> <span class='ocrx_word' id='word_1_79' title='bbox 1112 1254 1148 1311; x_wconf 88' lang='lat' dir='ltr'>ut</span> <span class='ocrx_word' id='word_1_80' title='bbox 1180 1248 1221 1314; x_wconf 90' lang='lat' dir='ltr'>de</span> <span class='ocrx_word' id='word_1_81' title='bbox 1253 1247 1361 1312; x_wconf 87' lang='lat' dir='ltr'>verbis</span> <span class='ocrx_word' id='word_1_82' title='bbox 1393 1249 1476 1328; x_wconf 88' lang='lat' dir='ltr'>ipsis</span> 
     </span>
     <span class='ocr_line' id='line_1_10' title="bbox 248 1353 1476 1435; baseline 0.003 -19"><span class='ocrx_word' id='word_1_83' title='bbox 248 1354 337 1433; x_wconf 91' lang='lat' dir='ltr'>prius</span> <span class='ocrx_word' id='word_1_84' title='bbox 370 1353 493 1432; x_wconf 88' lang='lat' dir='ltr'>dicam,</span> <span class='ocrx_word' id='word_1_85' title='bbox 528 1361 560 1420; x_wconf 90' lang='lat' dir='ltr'>et</span> <span class='ocrx_word' id='word_1_86' title='bbox 591 1355 722 1418; x_wconf 89' lang='lat' dir='ltr'>insolita</span> <span class='ocrx_word' id='word_1_87' title='bbox 755 1355 930 1418; x_wconf 80' lang='lat' dir='ltr'>collocatio</span> <span class='ocrx_word' id='word_1_88' title='bbox 964 1354 1196 1434; x_wconf 87' lang='lat' dir='ltr'>particularum</span> <span class='ocrx_word' id='word_1_89' title='bbox 1227 1379 1260 1418; x_wconf 87' lang='grc' dir='ltr'>ιε</span> <span class='ocrx_word' id='word_1_90' title='bbox 1292 1354 1355 1427; x_wconf 78' lang='grc' dir='ltr'><strong><em>καί,</em></strong></span> <span class='ocrx_word' id='word_1_91' title='bbox 1387 1373 1476 1435; x_wconf 87' lang='lat' dir='ltr'>quae</span> 
     </span>
     <span class='ocr_line' id='line_1_11' title="bbox 248 1459 1475 1547; baseline 0.004 -25"><span class='ocrx_word' id='word_1_92' title='bbox 248 1459 346 1524; x_wconf 87' lang='lat' dir='ltr'>nullis</span> <span class='ocrx_word' id='word_1_93' title='bbox 361 1460 443 1524; x_wconf 84' lang='lat' dir='ltr'>loeis</span> <span class='ocrx_word' id='word_1_94' title='bbox 459 1460 669 1525; x_wconf 86' lang='lat' dir='ltr'>confirmatur</span> <span class='ocrx_word' id='word_1_95' title='bbox 685 1462 734 1547; x_wconf 85' lang='lat' dir='ltr'>(ll,</span> <span class='ocrx_word' id='word_1_96' title='bbox 753 1463 805 1537; x_wconf 88' lang='lat'>71,</span> <span class='ocrx_word' id='word_1_97' title='bbox 826 1462 854 1536; x_wconf 89' lang='lat'>1,</span> <span class='ocrx_word' id='word_1_98' title='bbox 874 1461 984 1526; x_wconf 87' lang='lat' dir='ltr'>locum</span> <span class='ocrx_word' id='word_1_99' title='bbox 999 1461 1085 1542; x_wconf 86' lang='lat' dir='ltr'>apud</span> <span class='ocrx_word' id='word_1_100' title='bbox 1101 1460 1325 1543; x_wconf 83' lang='lat' dir='ltr'>Thucydidem</span> <span class='ocrx_word' id='word_1_101' title='bbox 1338 1462 1475 1527; x_wconf 88' lang='lat' dir='ltr'>minime</span> 
     </span>
     <span class='ocr_line' id='line_1_12' title="bbox 247 1553 1474 1653; baseline 0.002 -23"><span class='ocrx_word' id='word_1_102' title='bbox 247 1566 374 1641; x_wconf 89' lang='lat' dir='ltr'>mirum,</span> <span class='ocrx_word' id='word_1_103' title='bbox 401 1553 520 1631; x_wconf 82' lang='lat' dir='ltr'>frustra</span> <span class='ocrx_word' id='word_1_104' title='bbox 542 1566 634 1632; x_wconf 85' lang='lat' dir='ltr'>affert</span> <span class='ocrx_word' id='word_1_105' title='bbox 649 1566 817 1653; x_wconf 88' lang='lat' dir='ltr'>Stahlius),</span> <span class='ocrx_word' id='word_1_106' title='bbox 845 1587 911 1648; x_wconf 88' lang='lat' dir='ltr'>qua</span> <span class='ocrx_word' id='word_1_107' title='bbox 933 1575 1044 1632; x_wconf 70' lang='lat' dir='ltr'>mmen</span> <span class='ocrx_word' id='word_1_108' title='bbox 1067 1565 1258 1632; x_wconf 87' lang='lat' dir='ltr'>difficultate</span> <span class='ocrx_word' id='word_1_109' title='bbox 1282 1568 1310 1631; x_wconf 90' lang='lat' dir='ltr'>si</span> <span class='ocrx_word' id='word_1_110' title='bbox 1330 1569 1474 1632; x_wconf 82' lang='lat' dir='ltr'>Lauren-</span> 
     </span>
     <span class='ocr_line' id='line_1_13' title="bbox 247 1673 1475 1754; baseline 0.002 -16"><span class='ocrx_word' id='word_1_111' title='bbox 247 1673 373 1738; x_wconf 87' lang='lat' dir='ltr'>tianum</span> <span class='ocrx_word' id='word_1_112' title='bbox 405 1674 519 1754; x_wconf 86' lang='lat' dir='ltr'>partic.</span> <span class='ocrx_word' id='word_1_113' title='bbox 552 1698 584 1737; x_wconf 85' lang='grc' dir='ltr'>τε</span> <span class='ocrx_word' id='word_1_114' title='bbox 617 1675 821 1739; x_wconf 90' lang='lat' dir='ltr'>omittentem</span> <span class='ocrx_word' id='word_1_115' title='bbox 851 1693 1028 1754; x_wconf 84' lang='lat' dir='ltr'>sequamur</span> <span class='ocrx_word' id='word_1_116' title='bbox 1051 1673 1236 1749; x_wconf 85' lang='lat' dir='ltr'>liberemur,</span> <span class='ocrx_word' id='word_1_117' title='bbox 1272 1679 1304 1740; x_wconf 90' lang='lat' dir='ltr'>et</span> <span class='ocrx_word' id='word_1_118' title='bbox 1336 1675 1475 1740; x_wconf 88' lang='lat' dir='ltr'>omissio</span> 
     </span>
     <span class='ocr_line' id='line_1_14' title="bbox 248 1779 1477 1862; baseline 0.002 -18"><span class='ocrx_word' id='word_1_119' title='bbox 248 1779 377 1844; x_wconf 68' lang='lat' dir='ltr'>ardouli</span> <span class='ocrx_word' id='word_1_120' title='bbox 407 1781 442 1843; x_wconf 92' lang='lat' dir='ltr'>in</span> <span class='ocrx_word' id='word_1_121' title='bbox 474 1780 622 1845; x_wconf 91' lang='lat' dir='ltr'>membro</span> <span class='ocrx_word' id='word_1_122' title='bbox 655 1782 802 1846; x_wconf 89' lang='lat' dir='ltr'>secundo</span> <span class='ocrx_word' id='word_1_123' title='bbox 835 1780 931 1856; x_wconf 86' lang='lat' dir='ltr'>facta,</span> <span class='ocrx_word' id='word_1_124' title='bbox 967 1799 1033 1862; x_wconf 86' lang='lat' dir='ltr'>que</span> <span class='ocrx_word' id='word_1_125' title='bbox 1062 1781 1096 1843; x_wconf 95' lang='lat' dir='ltr'>in</span> <span class='ocrx_word' id='word_1_126' title='bbox 1124 1799 1159 1846; x_wconf 92' lang='lat' dir='ltr'>re</span> <span class='ocrx_word' id='word_1_127' title='bbox 1188 1780 1284 1860; x_wconf 86' lang='lat' dir='ltr'>plane</span> <span class='ocrx_word' id='word_1_128' title='bbox 1308 1781 1477 1846; x_wconf 88' lang='lat' dir='ltr'>dissimilis</span> 
     </span>
     <span class='ocr_line' id='line_1_15' title="bbox 248 1885 1477 1974; baseline 0.002 -22"><span class='ocrx_word' id='word_1_129' title='bbox 248 1892 300 1952; x_wconf 90' lang='lat' dir='ltr'>est</span> <span class='ocrx_word' id='word_1_130' title='bbox 332 1887 426 1950; x_wconf 90' lang='lat' dir='ltr'>locus</span> <span class='ocrx_word' id='word_1_131' title='bbox 450 1885 680 1952; x_wconf 86' lang='lat' dir='ltr'>Demosthenis</span> <span class='ocrx_word' id='word_1_132' title='bbox 713 1886 837 1974; x_wconf 86' lang='lat' dir='ltr'>(XVlll‚</span> <span class='ocrx_word' id='word_1_133' title='bbox 863 1885 918 1973; x_wconf 88' lang='lat'>31)</span> <span class='ocrx_word' id='word_1_134' title='bbox 952 1905 972 1951; x_wconf 86' lang='lat' dir='ltr'>a</span> <span class='ocrx_word' id='word_1_135' title='bbox 1005 1885 1109 1951; x_wconf 88' lang='lat' dir='ltr'>Class.</span> <span class='ocrx_word' id='word_1_136' title='bbox 1144 1887 1284 1963; x_wconf 86' lang='lat' dir='ltr'>adlatus,</span> <span class='ocrx_word' id='word_1_137' title='bbox 1319 1887 1375 1952; x_wconf 92' lang='lat' dir='ltr'>ubi</span> <span class='ocrx_word' id='word_1_138' title='bbox 1407 1889 1477 1954; x_wconf 91' lang='lat' dir='ltr'>duo</span> 
     </span>
     <span class='ocr_line' id='line_1_16' title="bbox 248 1992 1474 2080; baseline 0.002 -23"><span class='ocrx_word' id='word_1_139' title='bbox 248 1992 413 2057; x_wconf 87' lang='lat' dir='ltr'>vocabula</span> <span class='ocrx_word' id='word_1_140' title='bbox 442 1993 588 2057; x_wconf 87' lang='lat' dir='ltr'>eiusdem</span> <span class='ocrx_word' id='word_1_141' title='bbox 615 1995 663 2058; x_wconf 88' lang='lat' dir='ltr'>rei</span> <span class='ocrx_word' id='word_1_142' title='bbox 686 2013 754 2058; x_wconf 91' lang='lat' dir='ltr'>nno</span> <span class='ocrx_word' id='word_1_143' title='bbox 778 1995 916 2059; x_wconf 85' lang='lat' dir='ltr'>articulo</span> <span class='ocrx_word' id='word_1_144' title='bbox 941 1994 1263 2074; x_wconf 87' lang='lat' dir='ltr'>comprehenduntur</span> <span class='ocrx_word' id='word_1_145' title='bbox 1288 1993 1341 2080; x_wconf 85' lang='lat' dir='ltr'>(cf.</span> <span class='ocrx_word' id='word_1_146' title='bbox 1367 1995 1474 2060; x_wconf 87' lang='lat' dir='ltr'>einsd.</span> 
     </span>
     <span class='ocr_line' id='line_1_17' title="bbox 249 2097 1477 2186; baseline 0.002 -22"><span class='ocrx_word' id='word_1_147' title='bbox 249 2099 363 2176; x_wconf 91' lang='lat' dir='ltr'>XXlll,</span> <span class='ocrx_word' id='word_1_148' title='bbox 392 2097 456 2186; x_wconf 83' lang='lat'>17).</span> <span class='ocrx_word' id='word_1_149' title='bbox 488 2118 563 2164; x_wconf 91' lang='lat' dir='ltr'>cum</span> <span class='ocrx_word' id='word_1_150' title='bbox 592 2107 704 2166; x_wconf 92' lang='lat' dir='ltr'>nostro</span> <span class='ocrx_word' id='word_1_151' title='bbox 733 2102 808 2166; x_wconf 87' lang='lat' dir='ltr'>loco</span> <span class='ocrx_word' id='word_1_152' title='bbox 832 2102 873 2166; x_wconf 88' lang='lat' dir='ltr'>de</span> <span class='ocrx_word' id='word_1_153' title='bbox 896 2101 1024 2166; x_wconf 81' lang='lat' dir='ltr'>duabus</span> <span class='ocrx_word' id='word_1_154' title='bbox 1048 2100 1147 2165; x_wconf 87' lang='lat' dir='ltr'>rebus</span> <span class='ocrx_word' id='word_1_155' title='bbox 1169 2101 1255 2165; x_wconf 86' lang='lat' dir='ltr'>inter</span> <span class='ocrx_word' id='word_1_156' title='bbox 1277 2119 1313 2165; x_wconf 93' lang='lat' dir='ltr'>se</span> <span class='ocrx_word' id='word_1_157' title='bbox 1336 2102 1477 2166; x_wconf 89' lang='lat' dir='ltr'>diversis</span> 
     </span>
     <span class='ocr_line' id='line_1_18' title="bbox 249 2206 1477 2288; baseline 0.003 -20"><span class='ocrx_word' id='word_1_158' title='bbox 249 2212 378 2287; x_wconf 67' lang='lat' dir='ltr'>agotum</span> <span class='ocrx_word' id='word_1_159' title='bbox 413 2207 551 2282; x_wconf 88' lang='lat' dir='ltr'>accedit,</span> <span class='ocrx_word' id='word_1_160' title='bbox 587 2209 676 2288; x_wconf 86' lang='lat' dir='ltr'>quod</span> <span class='ocrx_word' id='word_1_161' title='bbox 708 2208 847 2272; x_wconf 84' lang='lat' dir='ltr'>articulo</span> <span class='ocrx_word' id='word_1_162' title='bbox 881 2227 946 2272; x_wconf 92' lang='lat' dir='ltr'>non</span> <span class='ocrx_word' id='word_1_163' title='bbox 980 2209 1117 2288; x_wconf 87' lang='lat' dir='ltr'>repetito</span> <span class='ocrx_word' id='word_1_164' title='bbox 1150 2206 1340 2272; x_wconf 82' lang='lat' dir='ltr'>adverbium</span> <span class='ocrx_word' id='word_1_165' title='bbox 1363 2209 1477 2272; x_wconf 81' lang='grc' dir='ltr'><strong><em>αὐτίκα</em></strong></span> 
     </span>
     <span class='ocr_line' id='line_1_19' title="bbox 250 2313 1477 2397; baseline 0.002 -22"><span class='ocrx_word' id='word_1_166' title='bbox 250 2313 472 2393; x_wconf 85' lang='lat' dir='ltr'>praepositum</span> <span class='ocrx_word' id='word_1_167' title='bbox 500 2314 591 2378; x_wconf 91' lang='lat' dir='ltr'>nullo</span> <span class='ocrx_word' id='word_1_168' title='bbox 615 2333 715 2379; x_wconf 88' lang='lat' dir='ltr'>sensu</span> <span class='ocrx_word' id='word_1_169' title='bbox 738 2315 837 2380; x_wconf 87' lang='lat' dir='ltr'>etiam</span> <span class='ocrx_word' id='word_1_170' title='bbox 860 2333 935 2379; x_wconf 91' lang='lat' dir='ltr'>cum</span> <span class='ocrx_word' id='word_1_171' title='bbox 959 2315 1087 2378; x_wconf 76' lang='grc' dir='ltr'><strong><em>ἐκείνων</em></strong></span> <span class='ocrx_word' id='word_1_172' title='bbox 1109 2315 1250 2397; x_wconf 75' lang='grc' dir='ltr'><em>πολεμίῳ</em></span> <span class='ocrx_word' id='word_1_173' title='bbox 1273 2315 1477 2395; x_wconf 78' lang='lat' dir='ltr'>iungendum</span> 
     </span>
     <span class='ocr_line' id='line_1_20' title="bbox 249 2416 1474 2504; baseline 0.003 -24"><span class='ocrx_word' id='word_1_174' title='bbox 249 2424 310 2481; x_wconf 90' lang='lat' dir='ltr'>est.</span> <span class='ocrx_word' id='word_1_175' title='bbox 361 2417 403 2482; x_wconf 88' lang='grc' dir='ltr'>Τὸ</span> <span class='ocrx_word' id='word_1_176' title='bbox 435 2420 565 2484; x_wconf 77' lang='grc' dir='ltr'><strong><em>ἐκείνων</em></strong></span> <span class='ocrx_word' id='word_1_177' title='bbox 597 2421 747 2504; x_wconf 82' lang='grc' dir='ltr'><strong><em>πολέμιον</em></strong></span> <span class='ocrx_word' id='word_1_178' title='bbox 780 2417 901 2486; x_wconf 80' lang='lat' dir='ltr'>hostile</span> <span class='ocrx_word' id='word_1_179' title='bbox 934 2417 1071 2486; x_wconf 76' lang='lat' dir='ltr'>illorum</span> <span class='ocrx_word' id='word_1_180' title='bbox 1102 2416 1221 2486; x_wconf 80' lang='lat' dir='ltr'>odium</span> <span class='ocrx_word' id='word_1_181' title='bbox 1249 2439 1323 2485; x_wconf 85' lang='lat' dir='ltr'>esse</span> <span class='ocrx_word' id='word_1_182' title='bbox 1346 2421 1474 2496; x_wconf 90' lang='lat' dir='ltr'>volunt,</span> 
     </span>
     <span class='ocr_line' id='line_1_21' title="bbox 250 2525 1476 2608; baseline 0.002 -21"><span class='ocrx_word' id='word_1_183' title='bbox 250 2541 335 2604; x_wconf 88' lang='lat' dir='ltr'>quae</span> <span class='ocrx_word' id='word_1_184' title='bbox 367 2525 559 2605; x_wconf 82' lang='lat' dir='ltr'>significatio</span> <span class='ocrx_word' id='word_1_185' title='bbox 593 2533 626 2592; x_wconf 89' lang='lat' dir='ltr'>et</span> <span class='ocrx_word' id='word_1_186' title='bbox 657 2529 789 2592; x_wconf 90' lang='lat' dir='ltr'>insolita</span> <span class='ocrx_word' id='word_1_187' title='bbox 821 2535 854 2593; x_wconf 86' lang='lat' dir='ltr'>et</span> <span class='ocrx_word' id='word_1_188' title='bbox 885 2527 981 2592; x_wconf 89' lang='lat' dir='ltr'>valde</span> <span class='ocrx_word' id='word_1_189' title='bbox 1005 2528 1087 2592; x_wconf 85' lang='lat' dir='ltr'>mira</span> <span class='ocrx_word' id='word_1_190' title='bbox 1109 2533 1170 2592; x_wconf 85' lang='lat' dir='ltr'>est.</span> <span class='ocrx_word' id='word_1_191' title='bbox 1219 2527 1336 2608; x_wconf 78' lang='lat' dir='ltr'>Krueg.</span> <span class='ocrx_word' id='word_1_192' title='bbox 1363 2527 1476 2592; x_wconf 89' lang='lat' dir='ltr'>simili-</span> 
     </span>
     <span class='ocr_line' id='line_1_22' title="bbox 249 2630 1477 2717; baseline 0.005 -24"><span class='ocrx_word' id='word_1_193' title='bbox 249 2630 363 2695; x_wconf 91' lang='lat' dir='ltr'>tudine</span> <span class='ocrx_word' id='word_1_194' title='bbox 385 2630 450 2695; x_wconf 91' lang='lat' dir='ltr'>loci</span> <span class='ocrx_word' id='word_1_195' title='bbox 473 2632 526 2707; x_wconf 86' lang='lat' dir='ltr'>IV,</span> <span class='ocrx_word' id='word_1_196' title='bbox 555 2633 605 2709; x_wconf 85' lang='lat'>17,</span> <span class='ocrx_word' id='word_1_197' title='bbox 632 2633 652 2697; x_wconf 83' lang='lat'><strong>3</strong></span> <span class='ocrx_word' id='word_1_198' title='bbox 677 2634 838 2698; x_wconf 88' lang='lat' dir='ltr'>adductus</span> <span class='ocrx_word' id='word_1_199' title='bbox 865 2635 1033 2717; x_wconf 78' lang='grc' dir='ltr'><strong><em>πολεμίως</em></strong></span> <span class='ocrx_word' id='word_1_200' title='bbox 1056 2633 1154 2698; x_wconf 90' lang='lat' dir='ltr'>scribi</span> <span class='ocrx_word' id='word_1_201' title='bbox 1178 2635 1282 2710; x_wconf 85' lang='lat' dir='ltr'>iussit,</span> <span class='ocrx_word' id='word_1_202' title='bbox 1313 2639 1346 2698; x_wconf 88' lang='lat' dir='ltr'>et</span> <span class='ocrx_word' id='word_1_203' title='bbox 1374 2634 1477 2699; x_wconf 86' lang='lat' dir='ltr'>habet</span> 
     </span>
     <span class='ocr_line' id='line_1_23' title="bbox 250 2738 1478 2822; baseline 0.004 -21"><span class='ocrx_word' id='word_1_204' title='bbox 250 2755 330 2802; x_wconf 91' lang='lat' dir='ltr'>sane</span> <span class='ocrx_word' id='word_1_205' title='bbox 363 2738 446 2802; x_wconf 87' lang='lat' dir='ltr'>haec</span> <span class='ocrx_word' id='word_1_206' title='bbox 478 2739 641 2820; x_wconf 86' lang='lat' dir='ltr'>scriptura</span> <span class='ocrx_word' id='word_1_207' title='bbox 667 2758 733 2820; x_wconf 89' lang='lat' dir='ltr'>quo</span> <span class='ocrx_word' id='word_1_208' title='bbox 761 2741 1019 2816; x_wconf 86' lang='lat' dir='ltr'>commendetur,</span> <span class='ocrx_word' id='word_1_209' title='bbox 1056 2741 1116 2804; x_wconf 85' lang='lat' dir='ltr'>etsi</span> <span class='ocrx_word' id='word_1_210' title='bbox 1140 2740 1194 2804; x_wconf 92' lang='lat' dir='ltr'>hic</span> <span class='ocrx_word' id='word_1_211' title='bbox 1217 2740 1290 2804; x_wconf 86' lang='lat' dir='ltr'>adv.</span> <span class='ocrx_word' id='word_1_212' title='bbox 1316 2741 1478 2822; x_wconf 79' lang='grc' dir='ltr'><strong><em>πολεμίως</em></strong></span> 
     </span>
     <span class='ocr_line' id='line_1_24' title="bbox 250 2844 1477 2930; baseline 0.003 -22"><span class='ocrx_word' id='word_1_213' title='bbox 250 2845 330 2908; x_wconf 84' lang='lat' dir='ltr'>sotis</span> <span class='ocrx_word' id='word_1_214' title='bbox 363 2844 503 2909; x_wconf 86' lang='lat' dir='ltr'>otiosum</span> <span class='ocrx_word' id='word_1_215' title='bbox 537 2851 601 2922; x_wconf 85' lang='lat' dir='ltr'>est;</span> <span class='ocrx_word' id='word_1_216' title='bbox 635 2846 746 2926; x_wconf 82' lang='lat' dir='ltr'>itaque</span> <span class='ocrx_word' id='word_1_217' title='bbox 775 2844 913 2911; x_wconf 81' lang='lat' dir='ltr'>fortasse</span> <span class='ocrx_word' id='word_1_218' title='bbox 937 2847 1054 2910; x_wconf 88' lang='lat' dir='ltr'>melius</span> <span class='ocrx_word' id='word_1_219' title='bbox 1076 2847 1218 2930; x_wconf 61' lang='grc' dir='ltr'><strong><em>πολεμίῳ</em></strong></span> <span class='ocrx_word' id='word_1_220' title='bbox 1241 2866 1282 2912; x_wconf 83' lang='lat' dir='ltr'>ex</span> <span class='ocrx_word' id='word_1_221' title='bbox 1304 2847 1477 2929; x_wconf 85' lang='grc' dir='ltr'><strong><em>πολεμίων</em></strong></span> 
     </span>
     <span class='ocr_line' id='line_1_25' title="bbox 250 2949 1477 3035; baseline 0.003 -20"><span class='ocrx_word' id='word_1_222' title='bbox 250 2957 368 3028; x_wconf 90' lang='lat' dir='ltr'>ortum,</span> <span class='ocrx_word' id='word_1_223' title='bbox 404 2952 468 3016; x_wconf 90' lang='lat' dir='ltr'>hoo</span> <span class='ocrx_word' id='word_1_224' title='bbox 500 2970 578 3016; x_wconf 89' lang='lat' dir='ltr'>vero</span> <span class='ocrx_word' id='word_1_225' title='bbox 611 2949 775 3033; x_wconf 79' lang='lat' dir='ltr'>glossema</span> <span class='ocrx_word' id='word_1_226' title='bbox 798 2953 1000 3034; x_wconf 88' lang='lat' dir='ltr'>pronominis</span> <span class='ocrx_word' id='word_1_227' title='bbox 1024 2953 1153 3018; x_wconf 75' lang='grc' dir='ltr'><strong><em>ἐκείνων</em></strong></span> <span class='ocrx_word' id='word_1_228' title='bbox 1175 2955 1377 3035; x_wconf 87' lang='lat' dir='ltr'>adscriptum</span> <span class='ocrx_word' id='word_1_229' title='bbox 1400 2973 1477 3020; x_wconf 89' lang='lat' dir='ltr'>esse</span> 
     </span>
     <span class='ocr_line' id='line_1_26' title="bbox 249 3055 1473 3144; baseline 0.003 -24"><span class='ocrx_word' id='word_1_230' title='bbox 249 3056 448 3137; x_wconf 85' lang='lat' dir='ltr'>putabimus.</span> <span class='ocrx_word' id='word_1_231' title='bbox 464 3094 504 3104; x_wconf 91' lang='lat'>—</span> <span class='ocrx_word' id='word_1_232' title='bbox 522 3055 581 3143; x_wconf 74' lang='lat'>§5</span> <span class='ocrx_word' id='word_1_233' title='bbox 600 3064 674 3138; x_wconf 89' lang='lat' dir='ltr'>post</span> <span class='ocrx_word' id='word_1_234' title='bbox 696 3059 798 3124; x_wconf 87' lang='lat' dir='ltr'>verba</span> <span class='ocrx_word' id='word_1_235' title='bbox 820 3061 849 3123; x_wconf 83' lang='grc' dir='ltr'>εἰ</span> <span class='ocrx_word' id='word_1_236' title='bbox 868 3060 930 3142; x_wconf 82' lang='grc' dir='ltr'>ἄρα</span> <span class='ocrx_word' id='word_1_237' title='bbox 954 3060 1127 3144; x_wconf 78' lang='grc' dir='ltr'><strong><em>ἡμάρτηται</em></strong></span> <span class='ocrx_word' id='word_1_238' title='bbox 1150 3078 1268 3124; x_wconf 87' lang='lat' dir='ltr'>manus</span> <span class='ocrx_word' id='word_1_239' title='bbox 1292 3078 1357 3124; x_wconf 87' lang='lat' dir='ltr'>seo.</span> <span class='ocrx_word' id='word_1_240' title='bbox 1375 3061 1473 3125; x_wconf 89' lang='lat' dir='ltr'>Laur.</span> 
     </span>
     <span class='ocr_line' id='line_1_27' title="bbox 249 3164 1311 3250; baseline 0.004 -24"><span class='ocrx_word' id='word_1_241' title='bbox 249 3187 283 3226; x_wconf 81' lang='grc' dir='ltr'>τι</span> <span class='ocrx_word' id='word_1_242' title='bbox 305 3164 452 3241; x_wconf 85' lang='lat' dir='ltr'>inseruit,</span> <span class='ocrx_word' id='word_1_243' title='bbox 479 3182 546 3229; x_wconf 93' lang='lat' dir='ltr'>non</span> <span class='ocrx_word' id='word_1_244' title='bbox 570 3165 666 3242; x_wconf 85' lang='lat' dir='ltr'>male,</span> <span class='ocrx_word' id='word_1_245' title='bbox 693 3184 769 3230; x_wconf 92' lang='lat' dir='ltr'>cum</span> <span class='ocrx_word' id='word_1_246' title='bbox 791 3167 811 3250; x_wconf 83' lang='grc' dir='ltr'><strong><em>ή</em></strong></span> <span class='ocrx_word' id='word_1_247' title='bbox 835 3167 970 3250; x_wconf 83' lang='grc' dir='ltr'><strong><em>ἁμαρτία</em></strong></span> <span class='ocrx_word' id='word_1_248' title='bbox 994 3167 1047 3230; x_wconf 87' lang='lat' dir='ltr'>vix</span> <span class='ocrx_word' id='word_1_249' title='bbox 1071 3167 1175 3232; x_wconf 86' lang='lat' dir='ltr'>audiri</span> <span class='ocrx_word' id='word_1_250' title='bbox 1199 3167 1311 3248; x_wconf 91' lang='lat' dir='ltr'>possit.</span> 
     </span>
     <span class='ocr_line' id='line_1_28' title="bbox 342 3268 1477 3358; baseline 0.003 -22"><span class='ocrx_word' id='word_1_251' title='bbox 342 3270 605 3349; x_wconf 74' lang='lat' dir='ltr'>57‚1verhum</span> <span class='ocrx_word' id='word_1_252' title='bbox 637 3273 827 3354; x_wconf 73' lang='grc' dir='ltr'><strong><em>ἐπιγνῶναι,</em></strong></span> <span class='ocrx_word' id='word_1_253' title='bbox 859 3275 913 3338; x_wconf 89' lang='lat' dir='ltr'>cui</span> <span class='ocrx_word' id='word_1_254' title='bbox 941 3274 1031 3338; x_wconf 85' lang='lat' dir='ltr'>notio</span> <span class='ocrx_word' id='word_1_255' title='bbox 1056 3268 1190 3358; x_wconf 84' lang='lat' dir='ltr'>aliquid</span> <span class='ocrx_word' id='word_1_256' title='bbox 1212 3270 1304 3350; x_wconf 81' lang='lat' dir='ltr'>noui,</span> <span class='ocrx_word' id='word_1_257' title='bbox 1341 3270 1477 3358; x_wconf 81' lang='lat' dir='ltr'>aliquid</span> 
     </span>
     <span class='ocr_line' id='line_1_29' title="bbox 244 3373 1477 3466; baseline 0.005 -26"><span class='ocrx_word' id='word_1_258' title='bbox 244 3379 435 3459; x_wconf 81' lang='lat' dir='ltr'>praetereo</span> <span class='ocrx_word' id='word_1_259' title='bbox 468 3373 681 3444; x_wconf 78' lang='lat' dir='ltr'>decernendi</span> <span class='ocrx_word' id='word_1_260' title='bbox 714 3377 767 3464; x_wconf 87' lang='lat' dir='ltr'>(ol.</span> <span class='ocrx_word' id='word_1_261' title='bbox 797 3380 821 3456; x_wconf 91' lang='lat' dir='ltr'>l,</span> <span class='ocrx_word' id='word_1_262' title='bbox 841 3380 900 3456; x_wconf 91' lang='grc'>70,</span> <span class='ocrx_word' id='word_1_263' title='bbox 927 3380 962 3454; x_wconf 81' lang='lat'>2;</span> <span class='ocrx_word' id='word_1_264' title='bbox 997 3380 1034 3457; x_wconf 85' lang='grc' dir='ltr'>ΙΙ,</span> <span class='ocrx_word' id='word_1_265' title='bbox 1061 3380 1114 3456; x_wconf 90' lang='grc'>67,</span> <span class='ocrx_word' id='word_1_266' title='bbox 1144 3378 1195 3466; x_wconf 87' lang='grc'>11)</span> <span class='ocrx_word' id='word_1_267' title='bbox 1229 3381 1324 3456; x_wconf 88' lang='lat' dir='ltr'>inest,</span> <span class='ocrx_word' id='word_1_268' title='bbox 1359 3397 1477 3460; x_wconf 84' lang='lat' dir='ltr'>parum</span> 
     </span>
     <span class='ocr_line' id='line_1_30' title="bbox 252 3483 1476 3569; baseline 0.005 -22"><span class='ocrx_word' id='word_1_269' title='bbox 252 3483 417 3560; x_wconf 81' lang='lat' dir='ltr'>convenit,</span> <span class='ocrx_word' id='word_1_270' title='bbox 444 3489 477 3548; x_wconf 83' lang='lat' dir='ltr'>et</span> <span class='ocrx_word' id='word_1_271' title='bbox 497 3484 568 3568; x_wconf 83' lang='grc' dir='ltr'><strong><em>περί</em></strong></span> <span class='ocrx_word' id='word_1_272' title='bbox 590 3487 685 3568; x_wconf 81' lang='grc' dir='ltr'><strong><em>ἡμῶν</em></strong></span> <span class='ocrx_word' id='word_1_273' title='bbox 708 3487 899 3568; x_wconf 80' lang='grc' dir='ltr'><strong><em>γνώσεσθε</em></strong></span> <span class='ocrx_word' id='word_1_274' title='bbox 916 3486 961 3569; x_wconf 87' lang='grc' dir='ltr'>μὴ</span> <span class='ocrx_word' id='word_1_275' title='bbox 980 3486 1017 3550; x_wconf 84' lang='grc' dir='ltr'>τὰ</span> <span class='ocrx_word' id='word_1_276' title='bbox 1032 3486 1135 3550; x_wconf 79' lang='grc' dir='ltr'><strong><em>εἰκότα</em></strong></span> <span class='ocrx_word' id='word_1_277' title='bbox 1150 3487 1339 3567; x_wconf 80' lang='lat' dir='ltr'>praecessit.</span> <span class='ocrx_word' id='word_1_278' title='bbox 1378 3487 1476 3553; x_wconf 83' lang='lat' dir='ltr'>Prae·</span> 
     </span>
     <span class='ocr_line' id='line_1_31' title="bbox 252 3588 1432 3677; baseline 0.003 -23"><span class='ocrx_word' id='word_1_279' title='bbox 252 3590 371 3669; x_wconf 91' lang='lat' dir='ltr'>positio</span> <span class='ocrx_word' id='word_1_280' title='bbox 396 3588 534 3656; x_wconf 83' lang='lat' dir='ltr'>fortusse</span> <span class='ocrx_word' id='word_1_281' title='bbox 558 3592 776 3674; x_wconf 78' lang='lat' dir='ltr'>dittographia</span> <span class='ocrx_word' id='word_1_282' title='bbox 797 3593 858 3656; x_wconf 86' lang='lat' dir='ltr'>litt.</span> <span class='ocrx_word' id='word_1_283' title='bbox 882 3592 1150 3674; x_wconf 88' lang='lat' dir='ltr'>praecedentium</span> <span class='ocrx_word' id='word_1_284' title='bbox 1175 3593 1244 3677; x_wconf 81' lang='grc' dir='ltr'><strong><em>(στι)</em></strong></span> <span class='ocrx_word' id='word_1_285' title='bbox 1269 3594 1432 3674; x_wconf 85' lang='lat' dir='ltr'>irrepsit.¹</span> 
     </span>
     <span class='ocr_line' id='line_1_32' title="bbox 344 3695 1476 3783; baseline 0.002 -21"><span class='ocrx_word' id='word_1_286' title='bbox 344 3695 403 3775; x_wconf 80' lang='lat'>58,</span> <span class='ocrx_word' id='word_1_287' title='bbox 432 3697 464 3761; x_wconf 80' lang='grc'>5.</span> <span class='ocrx_word' id='word_1_288' title='bbox 495 3698 562 3780; x_wconf 81' lang='grc' dir='ltr'><strong><em>ἱερά</em></strong></span> <span class='ocrx_word' id='word_1_289' title='bbox 586 3721 617 3762; x_wconf 81' lang='grc' dir='ltr'>τε</span> <span class='ocrx_word' id='word_1_290' title='bbox 639 3698 728 3762; x_wconf 83' lang='grc' dir='ltr'><strong><em>θεῶν</em></strong></span> <span class='ocrx_word' id='word_1_291' title='bbox 750 3735 793 3746; x_wconf 91' lang='lat'>-—</span> <span class='ocrx_word' id='word_1_292' title='bbox 817 3699 971 3783; x_wconf 81' lang='grc' dir='ltr'><strong><em>ίρημαῦτε</em></strong></span> <span class='ocrx_word' id='word_1_293' title='bbox 993 3699 1047 3763; x_wconf 87' lang='grc' dir='ltr'><strong><em>καί</em></strong></span> <span class='ocrx_word' id='word_1_294' title='bbox 1069 3700 1182 3770; x_wconf 82' lang='grc' dir='ltr'><strong><em>θυσίας</em></strong></span> <span class='ocrx_word' id='word_1_295' title='bbox 1204 3724 1227 3762; x_wconf 87' lang='grc' dir='ltr'>τ.</span> <span class='ocrx_word' id='word_1_296' title='bbox 1250 3725 1282 3764; x_wconf 86' lang='grc' dir='ltr'>π.</span> <span class='ocrx_word' id='word_1_297' title='bbox 1305 3705 1369 3764; x_wconf 85' lang='grc' dir='ltr'><strong><em>τῶν</em></strong></span> <span class='ocrx_word' id='word_1_298' title='bbox 1392 3701 1476 3764; x_wconf 89' lang='grc' dir='ltr'><strong><em>είσα-</em></strong></span> 
     </span>
     <span class='ocr_line' id='line_1_33' title="bbox 251 3803 1476 3890; baseline 0.006 -25"><span class='ocrx_word' id='word_1_299' title='bbox 251 3803 360 3884; x_wconf 79' lang='grc' dir='ltr'><strong><em>μένων</em></strong></span> <span class='ocrx_word' id='word_1_300' title='bbox 391 3803 446 3866; x_wconf 84' lang='grc' dir='ltr'>καὶ</span> <span class='ocrx_word' id='word_1_301' title='bbox 477 3805 647 3870; x_wconf 81' lang='grc' dir='ltr'><strong><em>κτισάισων</em></strong></span> <span class='ocrx_word' id='word_1_302' title='bbox 676 3805 912 3890; x_wconf 73' lang='grc' dir='ltr'><strong><em>ἀφαιρήσεσθε]</em></strong></span> <span class='ocrx_word' id='word_1_303' title='bbox 937 3804 1090 3877; x_wconf 83' lang='lat' dir='ltr'>Stuhlius,</span> <span class='ocrx_word' id='word_1_304' title='bbox 1126 3807 1203 3887; x_wconf 87' lang='lat' dir='ltr'>quia</span> <span class='ocrx_word' id='word_1_305' title='bbox 1235 3806 1388 3890; x_wconf 81' lang='grc' dir='ltr'><strong><em>ίρημοῢτε</em></strong></span> <span class='ocrx_word' id='word_1_306' title='bbox 1416 3827 1476 3887; x_wconf 87' lang='lat' dir='ltr'>pro</span> 
     </span>
     <span class='ocr_line' id='line_1_34' title="bbox 253 3905 1477 3996; baseline 0.006 -25"><span class='ocrx_word' id='word_1_307' title='bbox 253 3905 361 3972; x_wconf 92' lang='lat' dir='ltr'>futuro</span> <span class='ocrx_word' id='word_1_308' title='bbox 386 3915 557 3976; x_wconf 88' lang='lat' dir='ltr'>contracto</span> <span class='ocrx_word' id='word_1_309' title='bbox 580 3912 659 3992; x_wconf 91' lang='lat' dir='ltr'>poni</span> <span class='ocrx_word' id='word_1_310' title='bbox 682 3911 829 3992; x_wconf 84' lang='lat' dir='ltr'>potuisse</span> <span class='ocrx_word' id='word_1_311' title='bbox 852 3917 958 3993; x_wconf 82' lang='lat' dir='ltr'>negat,</span> <span class='ocrx_word' id='word_1_312' title='bbox 993 3912 1181 3996; x_wconf 81' lang='grc' dir='ltr'><strong><em>ίρημοῦντες</em></strong></span> <span class='ocrx_word' id='word_1_313' title='bbox 1204 3913 1326 3991; x_wconf 84' lang='lat' dir='ltr'>scribit,</span> <span class='ocrx_word' id='word_1_314' title='bbox 1359 3921 1395 3978; x_wconf 89' lang='lat' dir='ltr'>ut</span> <span class='ocrx_word' id='word_1_315' title='bbox 1423 3915 1477 3978; x_wconf 83' lang='grc' dir='ltr'><strong><em>καί</em></strong></span> 
     </span>
    </p>
   </div>
   <div class='ocr_carea' id='block_1_3' title="bbox 252 4011 1478 4213">
    <p class='ocr_par' dir='ltr' id='par_1_3' title="bbox 252 4011 1478 4213">
     <span class='ocr_line' id='line_1_35' title="bbox 255 4011 1477 4102; baseline 0.004 -23"><span class='ocrx_word' id='word_1_316' title='bbox 255 4011 360 4079; x_wconf 82' lang='lat' dir='ltr'>etiam</span> <span class='ocrx_word' id='word_1_317' title='bbox 393 4022 500 4080; x_wconf 89' lang='lat' dir='ltr'>vertat</span> <span class='ocrx_word' id='word_1_318' title='bbox 531 4025 563 4082; x_wconf 88' lang='lat' dir='ltr'>et</span> <span class='ocrx_word' id='word_1_319' title='bbox 594 4019 780 4098; x_wconf 77' lang='lat' dir='ltr'>genetivum</span> <span class='ocrx_word' id='word_1_320' title='bbox 811 4024 875 4083; x_wconf 78' lang='grc' dir='ltr'><strong><em>τῶν</em></strong></span> <span class='ocrx_word' id='word_1_321' title='bbox 907 4019 1081 4102; x_wconf 69' lang='grc' dir='ltr'><strong><em>εἱσαμένων</em></strong></span> <span class='ocrx_word' id='word_1_322' title='bbox 1112 4019 1166 4084; x_wconf 83' lang='grc' dir='ltr'><strong><em>καί</em></strong></span> <span class='ocrx_word' id='word_1_323' title='bbox 1197 4020 1367 4084; x_wconf 80' lang='grc' dir='ltr'><strong><em>κτισάντων</em></strong></span> <span class='ocrx_word' id='word_1_324' title='bbox 1399 4039 1477 4084; x_wconf 87' lang='lat' dir='ltr'>cum</span> 
     </span>
     <span class='ocr_line' id='line_1_36' title="bbox 252 4121 1478 4213; baseline 0.007 -29"><span class='ocrx_word' id='word_1_325' title='bbox 252 4121 362 4188; x_wconf 89' lang='lat' dir='ltr'>verbis</span> <span class='ocrx_word' id='word_1_326' title='bbox 385 4122 499 4194; x_wconf 79' lang='grc' dir='ltr'><strong><em>θυσίας</em></strong></span> <span class='ocrx_word' id='word_1_327' title='bbox 520 4124 575 4196; x_wconf 79' lang='grc' dir='ltr'>τὰς</span> <span class='ocrx_word' id='word_1_328' title='bbox 596 4125 745 4206; x_wconf 83' lang='grc' dir='ltr'><strong><em>πατρίους</em></strong></span> <span class='ocrx_word' id='word_1_329' title='bbox 767 4125 881 4207; x_wconf 82' lang='lat' dir='ltr'>iunget</span> <span class='ocrx_word' id='word_1_330' title='bbox 903 4121 1100 4213; x_wconf 76' lang='grc' dir='ltr'><strong><em>(εαινήίιίσ</em></strong></span> <span class='ocrx_word' id='word_1_331' title='bbox 1117 4123 1241 4210; x_wconf 82' lang='lat' dir='ltr'>patria</span> <span class='ocrx_word' id='word_1_332' title='bbox 1264 4122 1309 4192; x_wconf 86' lang='lat' dir='ltr'>ab</span> <span class='ocrx_word' id='word_1_333' title='bbox 1333 4123 1392 4204; x_wconf 66' lang='grc' dir='ltr'>οἱα,</span> <span class='ocrx_word' id='word_1_334' title='bbox 1417 4124 1478 4210; x_wconf 81' lang='lat' dir='ltr'>qui</span> 
     </span>
    </p>
   </div>
   <div class='ocr_carea' id='block_1_4' title="bbox 255 4387 1477 4637">
    <p class='ocr_par' dir='ltr' id='par_1_4' title="bbox 255 4387 1477 4637">
     <span class='ocr_line' id='line_1_37' title="bbox 345 4387 1476 4461; baseline 0.004 -19"><span class='ocrx_word' id='word_1_335' title='bbox 345 4387 478 4457; x_wconf 65' lang='grc' dir='ltr'>ιξίία</span> <span class='ocrx_word' id='word_1_336' title='bbox 502 4389 582 4443; x_wconf 86' lang='lat' dir='ltr'>Laur.</span> <span class='ocrx_word' id='word_1_337' title='bbox 611 4405 740 4458; x_wconf 86' lang='lat' dir='ltr'>perverse</span> <span class='ocrx_word' id='word_1_338' title='bbox 768 4388 864 4458; x_wconf 79' lang='grc' dir='ltr'><strong><em>ὠφέλει</em></strong></span> <span class='ocrx_word' id='word_1_339' title='bbox 892 4391 1020 4461; x_wconf 90' lang='lat' dir='ltr'>scriptum</span> <span class='ocrx_word' id='word_1_340' title='bbox 1050 4397 1103 4456; x_wconf 84' lang='lat' dir='ltr'>est;</span> <span class='ocrx_word' id='word_1_341' title='bbox 1132 4391 1160 4444; x_wconf 90' lang='lat' dir='ltr'>in</span> <span class='ocrx_word' id='word_1_342' title='bbox 1188 4391 1350 4445; x_wconf 82' lang='lat' dir='ltr'>contrariam</span> <span class='ocrx_word' id='word_1_343' title='bbox 1369 4396 1476 4460; x_wconf 85' lang='lat' dir='ltr'>partem</span> 
     </span>
     <span class='ocr_line' id='line_1_38' title="bbox 255 4473 1477 4550; baseline 0.003 -19"><span class='ocrx_word' id='word_1_344' title='bbox 255 4481 437 4545; x_wconf 84' lang='lat' dir='ltr'>peccaverunt</span> <span class='ocrx_word' id='word_1_345' title='bbox 454 4475 555 4532; x_wconf 79' lang='lat' dir='ltr'>librarii</span> <span class='ocrx_word' id='word_1_346' title='bbox 574 4475 593 4541; x_wconf 91' lang='lat'>1,</span> <span class='ocrx_word' id='word_1_347' title='bbox 613 4478 656 4547; x_wconf 84' lang='lat'>73,</span> <span class='ocrx_word' id='word_1_348' title='bbox 675 4479 700 4544; x_wconf 83' lang='lat'>2,</span> <span class='ocrx_word' id='word_1_349' title='bbox 718 4478 766 4534; x_wconf 90' lang='lat' dir='ltr'>ubi</span> <span class='ocrx_word' id='word_1_350' title='bbox 785 4473 881 4547; x_wconf 76' lang='grc' dir='ltr'><strong><em>ὠφέλει</em></strong></span> <span class='ocrx_word' id='word_1_351' title='bbox 899 4479 1104 4535; x_wconf 84' lang='lat' dir='ltr'>rescribendum</span> <span class='ocrx_word' id='word_1_352' title='bbox 1124 4483 1177 4534; x_wconf 89' lang='lat' dir='ltr'>est:</span> <span class='ocrx_word' id='word_1_353' title='bbox 1202 4484 1231 4536; x_wconf 80' lang='grc' dir='ltr'>ει·</span> <span class='ocrx_word' id='word_1_354' title='bbox 1253 4477 1384 4550; x_wconf 85' lang='lat' dir='ltr'>(quidem)</span> <span class='ocrx_word' id='word_1_355' title='bbox 1405 4483 1477 4549; x_wconf 82' lang='lat' dir='ltr'>quid</span> 
     </span>
     <span class='ocr_line' id='line_1_39' title="bbox 255 4565 993 4637; baseline 0.001 -18"><span class='ocrx_word' id='word_1_356' title='bbox 255 4568 439 4632; x_wconf 81' lang='lat' dir='ltr'>conducebat,</span> <span class='ocrx_word' id='word_1_357' title='bbox 458 4565 531 4637; x_wconf 86' lang='lat' dir='ltr'>quod</span> <span class='ocrx_word' id='word_1_358' title='bbox 548 4565 768 4636; x_wconf 77' lang='lat' dir='ltr'>periclitabamur</span> <span class='ocrx_word' id='word_1_359' title='bbox 786 4567 993 4636; x_wconf 74' lang='grc' dir='ltr'><strong><em>(ίκινοονεύειο).</em></strong></span> 
     </span>
    </p>
   </div>
   <div class='ocr_carea' id='block_1_5' title="bbox 0 0 1641 5052">
    <p class='ocr_par' dir='ltr' id='par_1_5' title="bbox 0 0 1641 5052">
     <span class='ocr_line' id='line_1_40' title="bbox 0 0 1641 5052; baseline 0 0"><span class='ocrx_word' id='word_1_360' title='bbox 0 0 1641 5052; x_wconf 95' lang='lat' dir='ltr'> </span> 
     </span>
    </p>
   </div>
  </div>
 </body>
</html>
