3244 5060
843 339 885 404 54

252 515 337 582 infra
370 517 600 582 consuetudini
633 517 832 599 Thucydidis
865 517 1114 582 convenientius
1144 514 1197 602 (cf.
1229 517 1292 581 lex.
1324 515 1478 600 Betantii)

253 623 288 686 ἐκ
317 631 374 706 γῆς
400 625 435 687 in
464 624 558 688 Laur.
590 619 694 708 (artic.
730 623 820 687 addit
854 622 970 708 Vatia.)
1004 624 1164 688 scribitur.
1214 622 1367 688 Ceterum
1402 641 1480 687 cum

254 729 347 792 ΤΗΣ
376 735 408 795 et
439 729 537 793 ΓΗΣ
566 730 682 794 eodem
715 727 781 794 lere
815 730 913 794 modo
941 731 976 794 111
1004 730 1100 794 codd.
1131 730 1252 810 scripta
1280 731 1355 805 sint,
1381 727 1480 794 facile

253 835 469 916 dittographia
500 836 552 900 vel
587 837 764 900 omissione
793 837 893 900 errari
922 841 1060 917 poterat.
1086 873 1127 882 -
1153 835 1175 922 ξ
1199 835 1220 900 3
1249 840 1324 900 ante
1350 835 1481 906 Τυδέως

252 948 285 1008 et
306 939 372 1026 §4
401 948 477 1006 ante
504 941 680 1025 Πεόάρπος
707 944 741 1006 in
769 943 863 1006 Laur.
895 943 985 1006 artic.
1017 943 1155 1018 additur,
1188 944 1244 1024 qui
1269 943 1337 1006 -hoc
1361 942 1479 1007 saltem

251 1047 327 1112 1000
351 1048 430 1112 saus
454 1054 549 1129 aptus
573 1055 632 1113 est.
658 1087 702 1096 -
724 1047 747 1134 p
771 1047 791 1112 a
815 1067 874 1129 pro
899 1050 963 1113 σοι
986 1050 1018 1112 in
1046 1033 1148 1114 vius.
1176 1054 1226 1112 est
1248 1049 1363 1131 οισοὴ,
1388 1049 1479 1129 quoa

251 1153 316 1230 hic,
342 1154 399 1218 ubi
421 1155 456 1218 in
480 1156 665 1220 narratione
689 1173 881 1236 progressus
900 1173 967 1220 non
986 1154 1051 1232 fiat,
1074 1155 1181 1220 minus
1197 1155 1373 1220 convenire
1387 1162 1479 1220 recte

252 1261 422 1324 adnotavit
451 1260 609 1336 Stahlius;
643 1262 729 1327 idem
762 1262 836 1326 cod.
866 1267 955 1326 certe
988 1279 1055 1326 non
1083 1262 1200 1326 melius
1228 1263 1481 1344 ἀποχωροῦντες

253 1367 396 1446 praebet.
1251 1352 1261 1374 '

342 1473 402 1548 39,
428 1475 444 1538 1
469 1476 504 1538 in
526 1476 618 1538 baur.
641 1492 791 1555 praepos.
808 1475 899 1539 verbi
914 1475 1044 1547 ἐπέπλπι,
1064 1475 1152 1555 quod
1170 1474 1224 1538 hic
1245 1475 1342 1538 unice
1362 1481 1479 1554 aptum

252 1587 312 1656 est,
338 1581 515 1658 intercidit;
542 1579 583 1645 cf.
612 1581 685 1659 107,
713 1581 742 1644 1.
765 1619 806 1626 -
826 1579 849 1665 ξ
870 1580 890 1644 3
913 1581 948 1644 in
972 1581 1076 1644 Vatis.
1103 1587 1153 1645 est
1170 1581 1393 1664 προσέβαλλον,
1420 1581 1479 1646 sed

252 1687 356 1751 exiis
380 1705 464 1767 quae
491 1685 576 1750 infra
603 1693 784 1767 sequuntur
813 1687 861 1770 (ἐκ
888 1693 942 1770 τῆς
970 1687 1099 1770 Μήλου)
1129 1705 1186 1752 eos
1214 1705 1250 1751 re
1273 1705 1352 1752 vera
1375 1705 1479 1752 naves

252 1793 418 1872 appulisse
441 1800 585 1874 apparet,
611 1800 647 1857 ut
669 1794 866 1876 προσέβαλον
889 1791 1138 1874 praeferendum
1162 1795 1213 1870 sit,
1240 1791 1281 1858 cf.
1306 1794 1347 1857 ad
1367 1793 1422 1869 31,
1444 1795 1476 1857 4.

252 1898 342 1963 Idem
365 1900 439 1964 cod.
466 1899 601 1964 verbum
625 1899 718 1970 κενὰς
741 1901 869 1976 omittit,
900 1899 988 1980 quod
1017 1901 1163 1980 spurium
1191 1918 1264 1965 esse
1291 1900 1345 1964 vix
1374 1901 1478 1965 credi-

253 2005 371 2081 derim;
403 2007 501 2071 etiam
525 2007 615 2070 artic.
642 2008 676 2070 αἱ
697 2013 773 2070 ante
798 2007 1018 2089 διαφυγοῦσαι
1046 2007 1147 2082 deest,
1179 2025 1245 2087 quo
1273 2023 1386 2071 carere
1410 2025 1479 2072 non

252 2113 466 2192 possumus.1
488 2150 532 2160 -
556 2113 642 2178 Infra
665 2132 723 2194 pro
747 2112 856 2177 verbis
884 2114 917 2177 ἐν
943 2121 980 2196 τῇ
1008 2113 1115 2196 Σάμῳ
1141 2114 1176 2176 in
1201 2114 1295 2176 Laur.
1321 2113 1424 2178 verba
1446 2114 1480 2176 ἒν

251 2225 288 2302 τῇ
311 2220 400 2302 νήσῳ
423 2221 545 2300 scripta
568 2226 654 2296 sunt,
682 2239 766 2301 quae
789 2218 874 2284 infra
892 2239 950 2300 pro
969 2221 1002 2284 ἐν
1019 2227 1056 2303 σή
1074 2219 1208 2303 Μιλήτῳ
1224 2217 1257 2304 (ξ
1272 2216 1305 2305 4)
1320 2220 1355 2282 in
1369 2220 1476 2284 Vatic.

250 2325 373 2405 scripta
396 2326 543 2408 legimus,
570 2334 605 2392 ut
629 2329 718 2408 origo
742 2327 980 2407 discrepantiae
1005 2327 1190 2392 communis
1213 2343 1286 2390 esse
1310 2327 1476 2402 videatur;

252 2449 328 2494 cum
352 2438 461 2496 autem
485 2435 567 2499 baec
590 2435 692 2499 verba
714 2435 770 2498 illo
795 2434 869 2498 loco
893 2435 1000 2514 posita
1022 2433 1165 2513 intellegi
1189 2433 1325 2512 possint,
1351 2433 1385 2496 iu
1415 2433 1479 2497 hac

253 2539 405 2602 codicum
437 2539 659 2604 inconstantia
689 2541 941 2605 laurentianum
974 2541 1068 2620 sequi
1101 2537 1239 2604 fortasse
1270 2540 1476 2618 praestiterit.

253 2644 406 2710 Ceterum
438 2643 576 2710 fortasse
605 2647 732 2710 πλεῖον
766 2643 829 2731 (vel
861 2643 966 2732 πλέον)
1001 2648 1021 2708 1.
1053 2665 1081 2710 e.
1116 2646 1235 2728 μᾶλλον
1267 2645 1478 2711 scribendum

252 2757 312 2826 est,
340 2749 380 2816 of.
407 2751 524 2833 Krueg.
551 2754 592 2817 ad
617 2754 668 2828 lll,
694 2753 747 2827 67,
774 2751 794 2816 1)
821 2749 881 2837 (3);
908 2752 1083 2816 collocatio
1102 2753 1189 2816 enim
1208 2752 1361 2816 adiectivi
1380 2753 1478 2816 πλείω

253 2859 334 2922 satis
366 2859 498 2923 insolita
530 2858 663 2924 offendit
698 2856 784 2944 (ισὸν
810 2857 947 2922 alelmi»
979 2856 1110 2944 Krueg.)
1141 2864 1174 2924 et
1197 2858 1306 2924 verbis
1329 2860 1479 2938 proxime

252 2966 521 3030 antecedentibus
546 2985 678 3030 cursum
702 2965 882 3046 longiorem
912 2962 1033 3028 lactum
1062 2982 1135 3030 esse
1165 2967 1244 3029 satis
1268 2965 1388 3028 dictum
1415 2973 1475 3028 est.

251 3071 399 3154 Πλεωον
421 3073 456 3136 in
480 3073 574 3136 Laur.
603 3073 668 3148 Vll,
695 3071 748 3147 63,
775 3071 795 3135 3
818 3072 853 3135 in
875 3072 972 3136 πλείω
995 3071 1132 3134 transiit.
1151 3109 1192 3118 —
1207 3069 1265 3156 §4
1284 3077 1360 3136 ante
1379 3089 1475 3151 gene-

253 3178 355 3241 tivum
387 3179 518 3242 finalem
552 3177 618 3263 (τοῦ
642 3179 1007 3261 ξυμπαρακομισθῆναι),
1037 3179 1092 3259 qui
1115 3178 1202 3258 apud
1225 3177 1370 3260 Thucyd.
1397 3180 1476 3242 satis

254 3281 406 3365 frequens
438 3291 572 3366 apparet
606 3284 658 3370 (cf.
693 3285 811 3366 Krueg.
847 3285 888 3348 ad
916 3285 938 3362 l,
969 3286 1013 3364 4),
1045 3284 1234 3350 adverbium
1263 3285 1362 3367 χάριν,
1387 3286 1476 3365 quod

254 3409 329 3454 cum
356 3391 446 3456 infin.
472 3410 636 3474 nusquam
664 3393 769 3456 iunxit
790 3409 904 3472 neque
928 3393 1063 3456 omnino
1087 3392 1149 3456 nisi
1175 3391 1211 3466 V,
1239 3391 1291 3467 70,
1321 3391 1336 3454 1
1367 3394 1476 3470 posuit

224 3515 228 3523 ’
254 3497 470 3580 Thucydides,
496 3500 531 3562 in
554 3499 657 3578 Vatic.
685 3505 873 3564 correctura
895 3499 1041 3562 additum
1064 3497 1147 3562 est²

343 3603 403 3678 40,
429 3605 444 3668 1
470 3605 504 3668 in
529 3605 632 3668 Vatic.
658 3623 716 3685 pro
739 3606 913 3686 πέμποντες
936 3605 1284 3686 5111111111πέμψαντες;
1318 3604 1375 3668 sed
1403 3623 1475 3684 par·

252 3709 398 3789 ticipium
422 3713 603 3790 praesentis
626 3711 782 3791 temporis
806 3711 846 3775 dc
876 3709 1093 3791 legationibus
1120 3711 1251 3790 saepius
1280 3711 1385 3774 missis
1419 3707 1472 3796 (cl.

345 3956 618 4028 1811111111ο11,122,
643 3958 659 4011 2
686 3958 715 4010 in
743 3957 870 4012 omnibus
899 3956 976 4011 codd.
1006 3960 1113 4025 praeter
1141 3958 1219 4011 Laur.
1248 3961 1312 4011 ante
1340 3957 1476 4025 διαφοραὶ

254 4045 327 4100 artic
347 4047 376 4098 αἱ
393 4047 498 4108 excidit,
519 4063 572 4117 quo
591 4047 683 4101 addito
706 4046 908 4100 controversiae
932 4061 1002 4114 quae
1020 4045 1225 4114 Peloponnesiis
1248 4061 1311 4100 cum
1329 4045 1475 4100 Athenian-

254 4134 330 4190 sibus
348 4135 554 4190 intercedebant
571 4135 724 4190 accuratius
743 4134 935 4208 significamur.

343 4222 445 4278 'Idem
468 4225 610 4294 genetivus
628 4224 718 4278 finalis
736 4223 780 4293 Vl,
798 4224 823 4286 8,
843 4223 859 4276 3
878 4223 1063 4278 restituendus
1083 4228 1132 4286 est,
1161 4221 1208 4276 ubi
1230 4222 1298 4276 mire
1320 4222 1414 4276 infinn.
1438 4226 1475 4291 γί-

253 4313 359 4382 γνεσθαι
378 4318 405 4368 et
422 4314 592 4382 ψηφισθῆναι
616 4313 775 4373 cohaerent;
796 4328 884 4382 neque
908 4312 980 4365 enim
1005 4311 1067 4366 ideo
1090 4311 1136 4365 illa
1154 4310 1244 4366 contio
1263 4311 1357 4366 habita
1376 4317 1425 4374 est,
1446 4318 1476 4366 ut

191 4391 192 4394 ¹
254 4421 313 4473 qua
337 4407 451 4459 ratione
474 4401 547 4470 (καθ’
572 4403 629 4469 ὄπι)
654 4407 745 4456 cetera
768 4418 838 4472 quae
858 4417 926 4470 opus
946 4407 1039 4453 essent
1057 4399 1267 4454 decernerentur
1285 4399 1474 4465 deliberarent,

149 4517 151 4522 v
254 4491 304 4545 sed
327 4492 361 4546 ob
385 4492 412 4546 id
435 4493 532 4562 ipsum,
556 4496 586 4546 ut
609 4491 826 4546 decernerentur.
866 4489 1002 4558 Scriptum
1026 4488 1087 4542 luit:
1112 4487 1157 4540 ιιαί
1181 4489 1256 4554 (τοῦ)
1284 4495 1336 4546 τοῖς
1365 4509 1474 4557 στρατη-

253 4587 307 4646 γοῖς
325 4581 379 4632 κτλ.
