3262 5052
231 263 267 290 X

813 328 875 392 134

230 508 406 571 locutionis
438 506 473 570 τὸ
505 507 637 588 ἀρχαῖον
670 522 777 585 neque
809 506 884 568 loco
917 505 954 580 ll,
993 502 1043 578 15,
1079 503 1100 567 5
1134 503 1181 586 (τὰ
1213 503 1355 566 πλείσταν
1388 503 1458 575 ἄξια

230 611 381 698 ἐχρῶντο)
415 613 493 677 satis
526 610 667 686 defendi,
694 610 820 676 Stehlio
848 629 982 691 prorsus
1006 609 1252 675 assentiendum
1283 614 1342 672 est.
1394 606 1458 672 Sed

229 719 326 783 valde
363 719 477 783 dubito
510 718 674 781 rectiusne
706 717 760 781 hic
793 718 987 798 scripturam
1020 715 1166 797 Dionysii
1201 713 1243 800 (p.
1280 713 1374 799 799):
1414 721 1460 795 τῴ

230 825 390 907 ἐπιχωρίῳ
413 825 460 888 sic
485 823 697 903 amplexetur,
724 829 759 886 ut
782 824 865 886 haec
889 821 990 886 verba
1014 818 1221 886 domesticus
1246 836 1367 885 rerum
1391 824 1425 882 st
1449 856 1459 866 -

231 933 284 996 ms
307 936 413 994 vertat
436 935 469 994 et
492 930 619 993 dativos
643 930 805 1012 δυναστείᾳ
828 936 859 994 et
890 929 1033 1010 ἰσονομίᾳ
1062 927 1239 1008 praedicati
1268 927 1341 990 vice
1369 924 1460 1006 fungi

231 1042 368 1109 statuam
394 1055 471 1100 nam
495 1042 528 1100 et
550 1035 606 1099 illa
629 1037 719 1099 notio
743 1037 794 1099 his
817 1035 926 1100 verbis
949 1036 1004 1097 vix
1026 1035 1136 1099 inesse
1159 1039 1267 1114 potest
1290 1038 1321 1096 et
1349 1033 1460 1112 potius

231 1159 331 1223 quam
360 1141 583 1205 substantivus
612 1141 811 1206 adiectivum
838 1141 894 1204 illo
919 1141 1018 1205 modo
1042 1141 1185 1221 positum
1210 1157 1283 1204 esse
1308 1145 1459 1218 expecta-

230 1247 326 1311 veris.
375 1247 445 1328 Ego
466 1248 627 1326 suspicor,
652 1248 818 1329 ἐχρῶντο
837 1248 1009 1330 ἐγχωρίῳ
1030 1234 1093 1332 (vel
1113 1242 1285 1330 ἐπιχωρίῳ)
1302 1244 1460 1324 scriptum

232 1351 343 1428 tuisse,
370 1354 428 1417 sed
452 1353 590 1417 articulo
613 1353 648 1417 τὸ
672 1372 730 1434 per
753 1353 1004 1433 dittographiam
1028 1353 1174 1434 syllabae
1197 1352 1344 1431 proxime
1369 1357 1459 1415 ante-

230 1459 378 1522 cedentis
409 1458 520 1522 addito
550 1460 585 1520 in
615 1459 687 1522 aliis
716 1458 816 1533 libris,
847 1459 936 1523 velut
965 1465 1152 1523 nostrorum
1180 1458 1377 1538 archetypis,
1405 1458 1459 1520 da·

230 1565 334 1627 tivum
366 1565 400 1626 in
433 1566 659 1628 accusativum
686 1570 858 1640 mutatum,
888 1565 922 1627 in
950 1565 1022 1628 aliis
1050 1583 1139 1639 vero,
1170 1570 1206 1627 ut
1236 1563 1392 1644 Dionysii,
1426 1565 1460 1626 iu

229 1669 366 1732 alteram
390 1676 515 1749 partem
539 1676 682 1734 erratum
706 1689 790 1734 esse.
838 1670 1045 1735 Adiectivum
1069 1672 1214 1754 ἐγχωρίῳ
1238 1669 1461 1750 praedicative

229 1775 372 1855 positum
386 1776 474 1840 idem
489 1782 587 1856 atque
606 1777 640 1839 ἐν
657 1784 694 1860 τῇ
712 1778 805 1859 χώρᾳ
823 1777 919 1841 valet.
937 1814 981 1822 —
995 1777 1032 1840 ln
1051 1775 1073 1862 ξ
1092 1778 1113 1839 4
1133 1776 1303 1840 Classeuio
1323 1781 1460 1839 auctore

231 1879 375 1945 Stahlius
399 1882 472 1945 cod.
500 1882 603 1945 Vatic.
632 1881 720 1968 (cett.
747 1889 803 1946 νῦν
825 1907 857 1946 τε
880 1882 1044 1968 exhibent)
1070 1889 1203 1946 secutus
1226 1888 1282 1945 νῦν
1302 1881 1340 1945 δέ
1362 1882 1458 1944 ἀκόν-

229 2011 293 2050 των
317 1989 446 2051 ἐκείνων
469 1989 529 2052 οὐκ
553 1991 592 2051 ἂν
614 1989 781 2071 προελθεῖν
800 1989 922 2065 scribit,
946 1990 1033 2070 quod
1053 1989 1206 2052 voluntas
1225 1988 1459 2052 Thessalorum

229 2095 411 2159 sententiae
435 2094 591 2158 Brasidae
614 2095 717 2175 ipsius
741 2096 891 2176 opposita
922 2097 977 2169 sit;
1012 2095 1070 2159 sed
1099 2097 1206 2175 aptius
1234 2095 1298 2158 hoc
1326 2095 1459 2158 tertium

230 2201 413 2264 membrum
436 2221 494 2281 per
511 2226 547 2265 τε
565 2203 678 2282 partic.
701 2202 833 2283 adiungi
852 2203 931 2264 mihi
949 2203 1086 2276 videtur,
1110 2203 1228 2282 quippe
1248 2201 1337 2281 quod
1359 2201 1459 2264 etiam

230 2307 314 2370 sieut
343 2309 408 2372 duo
439 2309 608 2388 superiora
637 2309 783 2372 animum
815 2307 968 2373 Brasidae
998 2324 1074 2389 erga
1105 2307 1281 2371 Thessalos
1314 2307 1458 2370 amioum

230 2411 398 2492 significet,
425 2420 462 2478 ut
484 2415 593 2478 verbis
617 2416 763 2478 demum:
790 2415 828 2478 οὗ
851 2417 977 2497 μέντοι
1001 2417 1108 2488 ἀξιοῦν
1127 2438 1162 2495 γε
1179 2413 1337 2495 εἴργεσθαι
1357 2431 1456 2492 Oppo-

230 2519 305 2580 sitio
329 2517 395 2582 fiat.
424 2555 463 2564 »-
489 2520 525 2582 ln
549 2518 571 2605 ξ
595 2520 615 2584 6
640 2519 736 2584 codd.
762 2520 801 2582 Α.
828 2528 860 2584 et
883 2521 919 2583 Β.
951 2521 1013 2585 soli
1041 2522 1072 2584 οί
1097 2520 1155 2602 μὲν
1182 2525 1256 2582 τῶν
1287 2517 1459 2583 Θεσσαλῶν

230 2624 350 2704 ἀγωγαὶ
377 2625 549 2704 praebent;
581 2626 697 2706 reliqui
724 2632 788 2689 τῶν
812 2627 976 2701 omittunt,
1002 2626 1125 2696 rectius
1149 2624 1297 2700 sortasse,
1324 2643 1400 2688 curn
1425 2625 1458 2687 hi

230 2729 332 2794 duces
360 2749 420 2794 sua
450 2737 576 2811 sponte,
613 2749 680 2794 uon
713 2749 847 2794 munere
871 2749 891 2794 a
914 2731 1078 2795 Thessalis
1111 2728 1271 2796 omnibus
1303 2732 1457 2810 imposito

229 2832 401 2916 fungentes
425 2837 594 2900 Brasidam
619 2837 779 2900 duxerint.

321 2942 380 3020 80,
404 2943 435 3006 2.
474 2945 519 3026 μή
547 2967 574 3005 τι
601 2943 682 3025 πρὸς
704 2942 740 3005 τὰ
763 2942 904 3024 παρόντα
927 2949 981 3024 τῆς
1003 2942 1116 3006 Πύλου
1140 2944 1292 3026 ἐχομένης
1314 2947 1456 3025 νεωτερί-

229 3049 343 3132 σωσιν]
380 3049 481 3114 verba
511 3057 565 3132 τῆς
597 3049 639 3111 Π.
672 3050 824 3132 ἐχομένης
855 3049 1179 3129 interpretamentum
1211 3049 1387 3114 verborum
1421 3051 1457 3112 τὰ

228 3155 369 3236 παρόντα
400 3156 495 3220 valde
527 3157 668 3235 sapiunt.
694 3193 738 3200 —
762 3153 843 3240 lu§
874 3154 894 3218 3
926 3157 1105 3236 scripturae
1136 3155 1287 3236 vulgatae
1316 3156 1456 3239 νεότητα

230 3261 353 3340 optimo
382 3263 452 3325 iure
480 3263 654 3326 damnatae
682 3261 877 3345 scripturam
907 3263 1057 3326 Vaticani
1087 3259 1131 3346 (et
1154 3260 1192 3323 Α.
1218 3260 1300 3346 rec.)
1329 3263 1456 3326 σκαιό-
1516 3299 1518 3304 ·

228 3391 303 3450 τητα
333 3368 452 3431 iniuria
482 3369 682 3433 recentiores
712 3368 964 3444 substituerunt,
999 3369 1087 3449 quod
1117 3367 1317 3432 vocabulum
1348 3387 1457 3449 neque

229 3471 458 3538 temeritatem
482 3493 589 3555 neque
614 3471 920 3557 importunitatem,
953 3475 1010 3538 sed
1034 3470 1258 3538 stoliditatem
1281 3474 1453 3555 significat.

228 3579 381 3643 Fortasse
410 3581 617 3663 Thucydides
645 3582 856 3664 καινότητα
878 3577 930 3665 (cf.
957 3581 1008 3655 lll,
1035 3581 1087 3656 38,
1114 3579 1147 3666 5)
1178 3599 1277 3644 sensu
1301 3581 1456 3644 vocabuli

228 3688 410 3768 καινοτομία
443 3683 617 3768 (nouandi
647 3683 818 3770 studium)
849 3687 967 3768 posuit,
1003 3687 1097 3750 cuius
1128 3689 1456 3767 interpretamentum

227 3792 364 3874 νεότητα,
389 3799 578 3858 correctura
601 3793 768 3876 σκαιότητα
792 3811 865 3858 esse
888 3799 1006 3873 potest.
1055 3794 1125 3857 Hoc
1153 3793 1187 3856 in
1215 3793 1289 3857 cod.
1321 3793 1369 3868 F,
1401 3794 1457 3874 qui

228 3906 303 3978 post
334 3905 401 3962 tres
434 3907 628 3979 quattuorve
661 3900 784 3963 litteras
817 3917 929 3964 erasas
961 3899 1087 3981 νεότητα
1121 3898 1262 3971 exhibet,
1298 3900 1455 3979 scriptum

228 4002 328 4069 fuisse
359 4007 520 4086 suspicari
550 4007 636 4072 licet.
672 4043 714 4054 --
746 4006 841 4084 Quod
864 4007 898 4068 iu
922 4003 989 4090 §4
1018 4004 1184 4068 scribitur:
1217 4005 1271 4068 καὶ
1299 4008 1454 4087 προκρί-

227 4134 356 4182 ναντες
385 4111 417 4181 ἒς
447 4112 613 4194 δισχιλίους
636 4114 667 4175 οἳ
687 4112 746 4193 μὲν
769 4111 1025 4194 ἕστεφανώσαντο
1048 4147 1099 4184 —,
1130 4112 1161 4174 οῖ
1191 4110 1225 4174 δὲ
1239 4147 1283 4158 -
1297 4112 1455 4194 ἠφάνισαν

228 4218 300 4290 κτλ,
337 4215 456 4281 frustra
489 4219 705 4282 mutationem
737 4217 876 4281 subiecti
908 4217 983 4281 loco
1016 4217 1067 4293 111,
1102 4216 1156 4292 34,
1192 4216 1212 4280 3
1245 4217 1367 4281 collato
1401 4237 1454 4282 ex-

228 4330 346 4388 cusant
378 4324 530 4400 editores
565 4323 621 4388 ubi
653 4325 793 4405 plurima
815 4324 916 4388 verba
939 4325 1024 4389 inter
1046 4323 1251 4404 participium
1275 4331 1306 4388 et
1326 4324 1453 4389 subiec-

227 4437 296 4493 tum
329 4449 451 4494 novum
482 4432 676 4512 interposita
707 4439 794 4496 sunt.
826 4413 1062 4495 ¹Scribendum
1099 4434 1149 4494 est
1184 4431 1451 4512 τιροκρινάντωνς

228 4555 331 4601 causa
354 4539 465 4602 mendi
488 4540 522 4602 in
546 4537 727 4618 conspicuo
751 4545 810 4603 est.
