3262 5052
824 335 887 400 124

247 515 421 580 articulum
454 521 530 578 ante
562 513 649 577 ἄλλοι
681 513 861 578 omiserunt
888 513 983 578 codd.
1010 512 1048 576 Α.
1075 511 1111 574 B.
1138 511 1173 574 F.
1199 511 1259 587 ll,
1290 529 1373 591 quos
1396 509 1471 575 ideo

247 630 429 703 sequuntur
443 620 588 686 Stablius
607 625 640 684 et
654 617 854 695 Classeniua
880 619 969 700 quod
992 620 1048 700 qui
1071 619 1118 682 illi
1137 618 1219 683 socii
1237 616 1356 682 fuerint
1374 623 1474 682 antea

59 775 63 798 .
131 767 132 770 =
247 747 314 794 non
347 727 564 809 significatum
596 727 647 790 sit.
697 725 762 791 Sed
794 726 845 802 ΙΙΙ,
878 727 931 802 86,
962 725 982 789 2
1011 727 1163 790 universe
1196 725 1343 790 civitates
1376 723 1471 789 Chal·

246 835 371 900 cidicae
401 833 502 919 (velut
525 829 652 917 Catina)
677 833 845 898 Leontinis
868 833 980 898 sociae
1003 830 1103 898 fuisse
1127 833 1289 908 dicuntur,
1325 837 1357 896 et
1387 828 1474 896 infra

248 940 281 1028 (ξ
307 939 360 1028 10)
384 941 543 1004 Λεοντῖνοι
566 941 620 1003 καὶ
643 941 673 1004 οῖ
695 940 856 1023 ξύμμαχοι
880 939 1026 1004 similiter
1049 940 1173 1004 dictum
1196 946 1256 1002 est.

337 1048 397 1122 26,
421 1047 452 1112 5.
477 1083 522 1094 -·-
545 1048 599 1110 καί
621 1049 653 1111 εἴ
668 1071 695 1110 τι
717 1048 793 1111 ἄλλο
815 1049 942 1130 βρῶμα,
971 1047 1038 1110 οἷον
1065 1048 1105 1110 ἂν
1132 1046 1164 1116 ἒς
1185 1045 1369 1128 πολιορκίαν
1392 1046 1472 1126 ξυμ-

246 1155 347 1239 φέργ]
375 1155 469 1218 Laur.
496 1155 566 1218 οἱον
592 1154 613 1217 i.
640 1172 668 1218 e.
695 1154 744 1218 οῖ’
775 1155 819 1216 ἂν
845 1153 987 1228 exhibet,
1023 1171 1107 1234 quae
1140 1153 1302 1232 scriptura
1333 1149 1473 1216 sortasse

245 1268 281 1325 ut
304 1261 497 1342 exquisitior
520 1259 733 1340 praeferenda
756 1267 821 1333 est;
847 1261 888 1325 de
911 1261 1028 1340 plurali
1052 1258 1093 1324 cf.
1110 1259 1216 1324 Madv.
1239 1265 1323 1340 synt.
1344 1255 1424 1342 §99
1440 1277 1471 1322 c.

245 1405 289 1414 -
312 1365 400 1432 Infra
420 1365 454 1452 (ξ
470 1365 501 1453 7)
522 1367 610 1448 quod
634 1367 801 1432 scribitur:
828 1368 1007 1431 ἐπώκελλον
1030 1366 1090 1449 γὰρ
1112 1365 1149 1428 τὰ
1172 1365 1264 1428 πλοῖα
1287 1365 1474 1447 τετιμημένα

246 1476 428 1557 χρημάτων,
465 1473 625 1554 particula
662 1492 797 1539 causam
834 1493 894 1538 cur
929 1491 1031 1538 naves
1063 1473 1212 1536 illiserint
1243 1471 1343 1536 ilotae
1375 1471 1472 1552 signi-

246 1580 364 1644 ficante
387 1580 474 1644 baud
498 1578 593 1644 lacile
616 1597 777 1655 caremus
802 1587 838 1645 ut
862 1579 999 1646 fortasse
1022 1580 1119 1643 πλοῖα
1145 1577 1242 1661 (dre)
1270 1579 1471 1660 τετιμημένα

247 1686 457 1751 scribendum
480 1688 531 1750 sit.

338 1793 397 1868 27,
431 1792 461 1856 2.
487 1794 615 1857 πάντων
639 1793 673 1857 δὲ
695 1795 870 1877 &modoino
892 1794 1024 1877 μάλιστα
1040 1793 1099 1878 —]
1121 1793 1209 1856 haud
1233 1792 1330 1856 dubie
1355 1791 1474 1856 melius

245 1902 280 1964 in
302 1902 397 1965 Laur.
423 1901 551 1964 πάντων
572 1923 609 1964 τε
632 1901 793 1974 scribitur,
820 1919 895 1964 oum
919 1902 983 1964 hoc
1007 1899 1155 1964 membro
1180 1905 1346 1979 postrema
1369 1916 1474 1964 causa

247 2026 306 2071 cur
328 2007 546 2071 Athenienses
571 2007 701 2071 solliciti
724 2007 841 2072 luerint
865 2006 1032 2084 alteratum
1060 2003 1100 2070 οΙ.
1127 2006 1245 2086 Krueg.
1272 2006 1314 2068 ad
1334 2005 1356 2080 Ι,
1378 2005 1410 2067 4.
1431 2041 1473 2050 -

246 2115 282 2177 ln
305 2112 371 2199 §4
398 2113 589 2178 verborum:
624 2113 717 2196 γνοὺς
749 2115 794 2177 ὅτι
826 2114 1099 2196 ἀναγκασθήσεται
1126 2116 1146 2194 ἢ
1174 2112 1269 2176 ταύτὰ
1298 2113 1396 2193 λέγειν
1425 2111 1474 2182 οἷς

248 2221 405 2304 διέβαλλεν
432 2224 452 2304 ἢ
479 2222 622 2285 τάναντία
650 2220 748 2284 εἰπὼν
774 2221 897 2304 ψευδὴς
924 2221 1122 2303 φανήσεσθαι
1151 2219 1393 2284 enarrationem
1417 2220 1474 2282 vix

248 2328 403 2407 cuiquam
435 2327 621 2408 probaverit
645 2326 800 2404 StahliuS,
836 2329 892 2409 qui
923 2328 970 2398 σΙς
1001 2327 1129 2408 generis
1153 2327 1260 2390 neutri
1283 2343 1355 2390 esse
1379 2332 1474 2406 putat

248 2439 280 2497 et
312 2435 510 2516 φανήσεσθαι
543 2453 618 2498 cum
651 2435 752 2500 verbo
781 2435 874 2517 γνοὺς
897 2435 1078 2515 coniungit;
1113 2433 1331 2513 nequeenim
1356 2430 1474 2496 Cleoni

249 2540 429 2604 verendum
452 2547 531 2616 erat,
558 2561 600 2605 ne
624 2541 760 2606 crimina
784 2559 868 2622 quae
893 2541 1068 2606 obiecisset
1090 2557 1238 2620 premere
1264 2536 1332 2623 (cin
1351 2539 1473 2603 Ueber·

248 2647 480 2727 einstimmung
502 2647 561 2710 mit
584 2647 698 2712 seinen
721 2648 1031 2729 Anschuldigungen
1054 2665 1094 2710 zu
1119 2642 1314 2731 sprecbenx)
1339 2663 1472 2726 cogere·

248 2759 310 2830 tur,
339 2771 404 2833 qua
426 2753 460 2816 in
483 2771 519 2817 re
543 2755 668 2817 nullum
692 2755 722 2818 ei
745 2755 927 2835 periculum
951 2753 1194 2818 ostendebatur.
1242 2752 1367 2832 Nempe
1391 2750 1473 2818 Cleo

248 2859 389 2934 videbat,
411 2857 480 2924 fore
495 2865 531 2923 ut
545 2866 602 2924 aut
615 2860 654 2923 iis
669 2879 752 2941 quos
767 2861 956 2924 criminatus
971 2867 1058 2924 esset
1073 2859 1133 2942 (οἷς
1146 2889 1190 2913 =
1203 2859 1330 2931 τούτοις,
1349 2861 1405 2929 οὓς
1418 2897 1473 2934 -,

247 2967 268 3029 i.
300 2984 328 3030 e.
358 2972 421 3036 τοῖς
452 2966 680 3050 ἐξαγγέλλουσα
714 2985 790 3030 oum
823 2983 951 3031 summe
984 2985 1044 3031 sua
1076 2966 1254 3046 ignominia
1287 2965 1472 3032 concedere

249 3056 420 3154 cogeretur
443 3079 509 3147 aut,
536 3074 563 3138 si
587 3076 751 3138 contraria
774 3074 919 3151 dixisset,
946 3074 1067 3154 populo
1091 3074 1233 3138 mendax
1256 3090 1329 3136 esse
1347 3072 1472 3136 videre-

247 3186 311 3253 tur,
338 3198 414 3243 curn
438 3179 539 3244 verba
562 3199 623 3245 sua
645 3182 834 3246 testimonio
858 3181 1039 3262 Theagenis
1062 3181 1343 3260 redarguerentur.
1389 3178 1473 3243 Cum

247 3293 358 3350 autem
390 3287 480 3350 infin.
502 3282 626 3370 futuri
656 3289 854 3370 φανήσεσθαι
886 3306 948 3352 nec
981 3305 1056 3351 cum
1088 3286 1360 3368 ἀναγκασθήσεται
1382 3286 1473 3367 iungi

249 3391 379 3480 (Class.)
414 3393 510 3458 liceat
543 3412 605 3458 nec
638 3395 741 3459 multo
773 3395 879 3475 aptius
912 3395 953 3458 ad
986 3393 1190 3474 participium
1221 3391 1314 3474 γνοὺς
1339 3389 1470 3480 (Stahl.)

246 3498 359 3565 referri
383 3501 495 3580 possit,
521 3503 726 3584 φανήσεται
750 3501 958 3566 scribendum
983 3508 1041 3575 est,
1067 3501 1102 3563 in
1127 3500 1215 3580 quod
1236 3500 1335 3563 etiem
1349 3499 1468 3581 Krueg.

245 3607 368 3670 incidit.
417 3608 464 3672 De
497 3608 716 3673 collocatione
747 3609 881 3688 pertico.
911 3610 931 3690 ἢ
956 3610 1040 3689 -ἢ
1070 3606 1110 3670 cf.
1141 3607 1252 3672 adnot.
1279 3606 1396 3686 Krueg.
1428 3607 1472 3672 cd

246 3713 300 3789 Vl,
327 3714 380 3790 24,
409 3715 438 3778 1.
1241 3733 1246 3743 ·

338 3820 397 3895 28,
421 3821 452 3885 2.
479 3859 532 3900 -—,
559 3821 672 3892 δεδιὼς
693 3821 756 3904 ἤδη
779 3820 834 3883 καὶ
856 3821 916 3884 οὐκ
939 3821 979 3883 ὂν
1006 3819 1150 3902 οἰόμενος
1176 3822 1207 3884 οἱ
1233 3819 1328 3884 αὐτὸν
1353 3821 1470 3905 τολμῆ-

246 3950 297 3990 σαι
324 3928 545 4011 ὑποχωρῆσαι·
573 3926 667 3998 αὖθις
690 3928 725 3991 δὲ
748 3928 766 3990 ὁ
789 3925 904 3997 Νικίας
931 3927 1053 3990 ἐκέλευε
1079 3926 1161 4010 κτλ]
1178 3927 1299 4007 partic.
1325 3927 1471 4010 οἰόμενος

246 4051 305 4114 pro
332 4031 523 4114 imperfecto
545 4027 884 4118 plusquamperfect
908 4034 981 4098 vice
1010 4031 1163 4113 fungente
1193 4033 1267 4115 (oda
1295 4033 1386 4121 ᾤετο)
1418 4036 1471 4100 hio

246 4141 475 4220 accipiendum
509 4159 581 4206 esse
613 4141 741 4206 videtur
775 4139 828 4225 (cf.
859 4139 913 4217 30,
944 4140 980 4204 3:
1010 4141 1167 4214 ὑπονοῶν,
1195 4141 1251 4204 ubi
1275 4141 1470 4222 ambiguitas

246 4246 402 4312 adverbio
425 4247 579 4330 πρότερον
602 4247 712 4312 addito
736 4254 937 4328 removetur,
966 4247 1005 4323 V,
1031 4246 1085 4322 32,
1111 4247 1147 4323 4;
1181 4247 1230 4322 Vl,
1257 4246 1310 4324 69,
1340 4248 1373 4320 Ι;
1400 4249 1467 4324 Vll,

246 4354 299 4430 37,
326 4353 362 4418 3:
391 4353 426 4418 τὸ
449 4359 577 4438 πρῶτον
605 4353 718 4426 αὐτοὺς
745 4355 940 4438 οἰόμενοι-
955 4354 1090 4437 ὁρῶντες
1114 4351 1176 4440 δὲ);
1207 4354 1353 4435 alioquin
1383 4355 1471 4420 enim

246 4460 325 4526 Cleo
354 4462 493 4526 eandem
522 4461 709 4543 opinionem
737 4463 877 4528 retinere
905 4461 1078 4536 diceretur,
1113 4478 1212 4542 quam
1252 4458 1368 4526 falsam
1396 4480 1470 4528 esse

247 4587 323 4632 eum
352 4569 450 4634 modo
479 4569 678 4634 intellexisse
706 4568 805 4648 paulo
834 4575 909 4632 ante
937 4568 1093 4648 scriptum
1120 4575 1169 4632 est
1195 4566 1240 4652 (τὸ
1262 4567 1320 4650 μὲν
1342 4573 1470 4650 πρῶτον
