3244 5060
595 1328 953 1429 PRAEFATIO.

250 1635 346 1752 Opus
366 1671 574 1753 Thucydidis,
601 1672 757 1751 principis
777 1669 847 1735 lere
869 1671 1064 1751 scriptorum
1082 1671 1274 1749 Atticorum,
1300 1673 1385 1736 vitiis

158 1787 190 1844 et
223 1779 370 1858 plurimis
398 1785 431 1868 et
458 1778 656 1859 gravissimis
684 1778 823 1842 ohlitum
851 1778 892 1842 ad
921 1795 982 1841 nos
1010 1779 1210 1858 pervenisse,
1245 1786 1384 1859 praeter·
1416 1754 1425 1769 ⁷

159 1905 259 1966 quam
283 1885 370 1965 quod
394 1885 590 1950 testimoniis
614 1891 646 1948 et
668 1885 956 1965 grammaticorum
981 1881 1034 1969 (cl.
1058 1884 1174 1949 Stahlii
1197 1886 1248 1951 ed.
1275 1887 1384 1950 ster.l

158 1991 259 2073 prael.
286 2011 358 2072 pag.
385 1989 515 2077 XXVll)
541 1997 573 2056 et
597 1991 741 2071 lapidum
766 1989 836 2076 (cfr.
863 2009 947 2072 quae
972 1989 1192 2056 Kirchhoffius
1215 1993 1249 2055 in
1272 1993 1381 2057 Herm.

157 2087 223 2163 vol.
245 2099 303 2161 XII
322 2097 484 2182 disseruit)
510 2098 629 2162 diserte
654 2097 875 2173 confirmatur,
902 2099 1090 2179 quicunque
1114 2099 1213 2178 paulo
1229 2099 1384 2164 intentius

158 2225 228 2271 rem
256 2206 501 2279 examinaverit,
537 2203 633 2269 facile
662 2204 761 2268 dabit.
810 2204 882 2282 Quo
911 2205 1013 2285 magis
1038 2205 1163 2268 nullam
1187 2205 1294 2269 adhue
1318 2207 1383 2270 edi-

158 2313 282 2377 tionem
319 2313 472 2376 universo
505 2317 663 2392 apparatu
697 2311 810 2374 critico
844 2330 884 2375 ex
916 2311 1047 2391 optimis
1081 2311 1251 2376 codicibus
1284 2313 1383 2378 ducto

157 2421 350 2483 instructam
380 2420 540 2500 prodiisse
568 2418 746 2482 dolendum
775 2423 834 2482 est.
883 2416 1063 2482 Contentus
1092 2419 1179 2482 enim
1208 2420 1263 2500 qui
1286 2421 1383 2486 hodie

157 2527 308 2607 vulgatur
326 2523 428 2588 Imm.
447 2521 602 2590 Behkeri
624 2525 765 2589 maxime
790 2525 876 2588 curis
900 2525 1097 2588 constitutus
1121 2531 1172 2589 est
1197 2523 1259 2611 (ed.
1281 2529 1386 2607 prima

158 2632 264 2696 Berol.
286 2651 316 2696 a.
341 2632 423 2696 1821
445 2632 572 2713 prodiit,
600 2632 839 2696 emendatiores
857 2631 935 2694 ibid.
958 2649 1008 2694 55.
1033 2631 1128 2695 1832.
1153 2633 1248 2696 1846.
1273 2631 1381 2718 1868),

158 2740 214 2819 qui
246 2758 436 2820 quanquam
465 2746 497 2804 et
525 2739 638 2818 paucis
667 2739 757 2802 libris
785 2757 899 2802 mscrr.
930 2739 1074 2802 melioris
1104 2745 1201 2803 notae
1231 2740 1384 2804 adhibitis

157 2864 340 2927 magnaque
365 2852 520 2926 exparte
544 2846 623 2909 satis
647 2851 801 2910 accurate
825 2845 953 2909 collatis
977 2851 1010 2910 et
1033 2846 1185 2909 acumine
1208 2846 1328 2926 ingenii
1350 2847 1384 2910 in

159 2953 387 3018 emendatione
412 2954 580 3033 scriptoris
604 2953 771 3016 moderate
795 2958 827 3015 et
851 2950 987 3016 feliciter
1010 2953 1195 3017 exercendo
1219 2953 1260 3016 de
1285 2971 1383 3032 opere

158 3060 369 3142 Thucydideo
402 3060 523 3138 optime
557 3060 691 3123 meritus
724 3065 787 3134 est,
822 3058 944 3122 iudicio
977 3065 1088 3123 tamen
1121 3062 1251 3123 saniore
1284 3078 1384 3139 quam

158 3167 326 3230 subtiliore
349 3166 382 3228 in
405 3166 599 3230 testimoniis
624 3167 776 3229 codicum
799 3165 1010 3230 aestimandis
1034 3165 1195 3230 utebatur.
1245 3165 1383 3230 Codices

158 3292 297 3353 quorum
330 3271 371 3335 ad
404 3271 501 3336 fidem
525 3271 749 3354 Thucydidem
771 3257 1022 3335 ¹recensendum
1054 3271 1116 3335 sibi
1149 3273 1319 3352 proposuit
1350 3274 1383 3335 hi

158 3387 247 3443 sunt:
269 3374 463 3460 Cisalpinos
478 3379 546 3442 sive
561 3374 745 3463 1151115)Α),
767 3375 955 3442 Vaticanus
967 3375 1029 3464 (Β),
1048 3375 1308 3445 Laurentianus
1320 3377 1380 3464 (C),
1480 3445 1482 3451 ⁴

158 3482 368 3550 Marcianas
385 3482 447 3572 (1)),
469 3480 655 3550 Palatinas
672 3481 732 3570 (Ε),
749 3481 976 3567 Augustanus
993 3482 1053 3571 (F),
1071 3481 1297 3550 Monacensis
1314 3481 1381 3572 (G);

159 3592 276 3672 quibus
299 3598 413 3655 nostra
436 3592 595 3656 memoria
617 3587 658 3676 (a.
683 3590 779 3678 1867)
801 3591 941 3656 55555511
961 3588 1196 3655 Londinensis
1216 3589 1383 3656 5115311-

160 3695 318 3763 tannic'as
352 3695 423 3783 )Μ),
463 3716 561 3778 quem
596 3696 740 3761 Stahlius
778 3698 912 3761 editioni
944 3697 1223 3762 Tauchnitzianae
1260 3701 1384 3780 primus

160 3804 314 3867 adhibuit.
363 3804 487 3867 Horum
519 3805 666 3867 omnium
695 3795 942 3884 antiquissimus
970 3822 1043 3868 esse
1071 3804 1201 3869 videtur
1226 3802 1382 3870 Lanuen-

161 3906 282 3988 tianae
315 3929 414 3990 quem
442 3911 498 3991 qui
526 3915 629 3974 artem
652 3911 958 3991 palaeographioam
982 3929 1081 3991 quam
1105 3917 1227 3975 vocant
1249 3930 1382 3976 accura-

160 4016 221 4079 tius
248 4018 423 4081 coluerunt
449 4019 536 4082 intra
562 4035 668 4080 annos
696 4016 873 4081 900—950
900 4038 931 4098 p.
958 4016 1033 4082 Chr.
1064 4037 1095 4080 n.
1127 4018 1282 4098 scriptum
1310 4037 1383 4083 esse

161 4122 379 4200 existimant¹;
409 4124 439 4188 ei
467 4128 575 4188 aetate
598 4124 746 4203 proxime
768 4125 931 4188 accedunt
962 4121 1161 4202 Vaticanus,
1186 4119 1381 4201 Palatinas,

162 4224 405 4308 Londinensis,
440 4226 567 4308 Italus·
604 4230 771 4312 aliquanto
804 4231 1004 4294 recentiores
1038 4236 1114 4293 sunt
1147 4225 1380 4306 Monacensis

248 4476 257 4506 ¹
277 4476 317 4532 cf.
338 4477 397 4531 coll.
417 4478 533 4532 Floreat.
554 4475 660 4531 lacsim.
679 4477 822 4545 palaeogr,
843 4476 903 4531 edd.
916 4475 1006 4531 Vitelli
1025 4479 1052 4529 et
1070 4475 1152 4536 Pauli,
1173 4472 1251 4528 1885.
1279 4475 1381 4528 Fascis.

163 4562 184 4616 ll
200 4565 254 4620 tab.
273 4566 363 4622 XVlll.

1152 4666 1166 4718 1
