3262 5052
733 296 793 359 141

150 483 218 540 tum
250 477 304 551 sit,
338 477 433 539 euius
462 475 645 553 scripturae
677 474 839 537 sententia
869 473 968 552 paulo
991 474 1121 554 gravior
1144 490 1217 536 esse
1241 472 1379 535 videtur.

150 620 193 628 —
216 583 322 647 Paulo
346 588 420 662 post
442 581 544 646 verba
567 581 627 644 οὐκ
646 580 684 642 ἐν
703 579 824 661 ὁμοίῳ
843 581 946 662 σφίσιν
963 578 1041 642 εἶναι
1058 579 1094 642 τὰ
1115 578 1199 642 δεινὰ
1214 577 1332 658 Krueg.
1350 585 1383 642 et

151 687 295 752 Stahlius
320 690 367 752 sic
391 688 637 752 intellexerunt:
669 681 768 749 band
791 682 827 748 in
851 704 960 768 οεηιιο
984 681 1053 749 sibi
1064 679 1154 768 sore
1170 680 1331 766 pericula
1359 685 1379 746 i.

150 813 179 858 e.
210 796 341 858 minora
369 792 447 869 lore,
480 812 579 875 quam
609 794 637 857 si
665 792 865 872 propositam
894 792 1124 856 condicionem
1154 790 1380 870 repudiarent;

151 919 235 980 quae
270 901 433 965 sententia
457 919 590 980 prorsus
614 899 756 980 languet.
805 899 887 962 lllud
919 899 1028 978 potius
1056 897 1263 979 Thucydides
1291 897 1379 972 dicit,

150 1006 370 1072 Athenienses
393 1007 525 1083 vidisse,
552 1006 698 1086 pericula
722 1004 783 1068 sibi
807 1004 975 1083 proposita
998 999 1202 1080 commodis
1234 1021 1318 1085 quae
1348 1021 1383 1067 se

151 1131 192 1177 ea
210 1114 425 1194 perpetiendo
449 1117 662 1193 pereepturos
687 1130 760 1175 esse
785 1129 917 1190 sperare
941 1117 1086 1190 possent,
1114 1107 1269 1192 imparia
1292 1128 1382 1181 esse;

152 1220 319 1299 simillima
346 1219 504 1284 brevitate
533 1237 562 1282 c.
590 1217 643 1292 73,
669 1217 690 1279 4
718 1216 819 1280 verba
845 1217 890 1300 μὴ
919 1217 1085 1280 ἀντίπαλον
1112 1216 1189 1280 εἶναι
1219 1219 1304 1300 σφίσι
1330 1215 1384 1279 τὸν

152 1326 301 1390 κίνὸονον
330 1327 418 1389 dicta
445 1331 531 1399 sunt,
565 1341 707 1404 quorum
739 1324 780 1387 de
813 1323 976 1388 sententia
1008 1323 1184 1403 quominus
1218 1323 1386 1388 dubitetur

152 1432 303 1511 proxima
324 1432 516 1511 impediunt.
566 1431 602 1494 ln
631 1431 734 1494 altero
762 1429 910 1494 membro
939 1430 1180 1494 enarrationem
1208 1429 1384 1494 verborum

154 1537 187 1600 ἐν
217 1546 265 1620 τῷ
297 1539 356 1620 ἴσῳ
389 1540 486 1603 unice
518 1556 634 1602 veram
673 1535 785 1620 (quam
817 1537 934 1617 llrueg.
966 1537 1156 1600 dubitanter
1182 1535 1382 1620 proposuit):

146 1641 289 1726 pariter
308 1647 410 1728 atque
430 1640 660 1708 Athenienses
679 1643 823 1707 Slahlius
841 1643 1034 1722 repudiavit,
1055 1644 1232 1723 «quoniam
1249 1643 1385 1707 omnino

154 1749 223 1815 fieri
247 1770 314 1815 non
339 1757 477 1832 poterat,
504 1757 539 1814 ut
563 1751 715 1813 Brasidas
738 1749 884 1830 reliquae
908 1750 1107 1814 multitudini
1130 1750 1326 1830 iniquiorem
1349 1766 1385 1812 se

156 1858 324 1937 praeberet
354 1876 453 1938 quarn
481 1857 775 1928 Atheniensibus»;
810 1873 895 1937 quae
928 1875 1026 1936 quem
1060 1875 1195 1921 sensum
1228 1855 1381 1930 habeant,

156 1965 290 2028 omnino
315 1983 382 2027 non
406 1947 513 2028 video.
562 1964 723 2026 Nimirum
746 1963 920 2026 multitudo
938 1963 995 2027 illa
1014 1964 1188 2044 ξύμμικτος
1208 1960 1250 2046 (v.
1273 1961 1382 2044 supra)

155 2070 270 2134 urbem
295 2076 452 2134 nontam
482 2089 594 2134 caram
624 2087 723 2150 quam
747 2069 964 2132 Athenienses
992 2069 1054 2149 ipsi
1082 2068 1258 2144 habebant,
1286 2085 1384 2147 quam

156 2177 340 2258 ademptam
361 2177 469 2240 minus
488 2176 625 2240 moleste
645 2174 802 2240 ferebant.
851 2175 923 2254 lpse
942 2173 1053 2238 locum
1074 2174 1120 2236 sic
1135 2175 1245 2238 vertit:
1275 2173 1383 2253 «quod

156 2284 286 2347 civitate
319 2289 451 2363 propter
483 2301 626 2362 aequum
658 2283 709 2346 ius
739 2280 791 2368 (cf.
818 2301 847 2346 c.
877 2281 949 2357 105,
976 2279 1009 2366 2)
1041 2298 1109 2343 non
1137 2279 1381 2359 privabantur»,
1478 2336 1482 2343 .

156 2390 243 2468 quod
268 2408 336 2454 non
359 2390 467 2452 minus
490 2389 524 2452 in
547 2387 765 2453 Athenienses
789 2389 929 2452 cadebat
954 2385 1007 2472 (cf.
1033 2387 1054 2449 l.
1082 2384 1129 2468 1.).

249 2495 334 2576 108,
360 2497 388 2559 1.
428 2502 482 2578 τῆς
505 2496 539 2559 δὲ
563 2496 703 2578 γεφύρας
725 2495 770 2578 μὴ
794 2495 1004 2578 κρατούντων,
1025 2493 1153 2556 ἄνωθεν
1170 2493 1230 2576 μὲν
1247 2493 1386 2575 μεγάλης

156 2603 253 2686 οὔσης
284 2601 334 2664 ent
365 2601 445 2666 πολὺ
476 2603 586 2684 λίμνης
612 2607 667 2664 τοῦ
695 2609 849 2684 ποταμοῦ,
877 2601 913 2664 τὰ
943 2601 977 2664 δὲ
1004 2597 1086 2682 πρὸς
1109 2599 1220 2663 Ἠιόνα
1250 2601 1385 2682 τριήρεσι

155 2709 414 2790 τηρουμένων,
438 2709 497 2772 οὐκ
521 2710 560 2772 ἂν
585 2708 741 2772 δύνασθαι
763 2706 957 2792 προελθεῖν]
989 2707 1030 2772 ad
1058 2711 1166 2786 genet.
1197 2705 1385 2770 absolutum

157 2815 350 2879 scholiastes
373 2819 438 2878 τῶν
451 2814 631 2898 Ἀθηναίων
650 2815 869 2894 supplendum
888 2833 961 2878 esse
980 2813 1124 2885 censuim
1151 2829 1259 2893 neque
1273 2818 1385 2875 tamen

156 2921 220 2984 hoe
250 2939 308 3000 per
337 2939 441 3000 genus
471 2921 615 2985 medium
646 2920 737 2984 verbi
767 2920 853 2984 lieet.
903 2921 1051 2984 Editores
1082 2903 1267 2982 subiectum
1296 2919 1384 2998 quod

158 3027 357 3090 audiendum
390 3031 440 3089 esi
471 3027 633 3107 participii
665 3027 867 3109 κρατούντων
900 3027 975 3109 (τῶν
1007 3024 1286 3106 Λακεδαιμονίων)
1321 3025 1385 3087 huc

157 3151 288 3214 quoque
321 3133 455 3210 ducunt,
491 3139 526 3197 ut
557 3134 718 3216 τηρεῖσθαι
756 3129 942 3197 obseruari
975 3137 1117 3206 vertant;
1157 3131 1215 3193 sed
1253 3128 1388 3193 offendit

158 3246 255 3314 carle,
284 3239 371 3320 quod
397 3242 544 3318 proxime
574 3241 633 3303 οὐκ
663 3242 702 3304 ἂν
730 3239 896 3313 δύνασθαι,
925 3257 972 3302 sc.
998 3236 1113 3307 αὐτοὺς
1137 3235 1221 3319 (τοὺς
1243 3235 1387 3318 Annei),

157 3346 313 3425 sequitur.
375 3345 489 3426 ltaque
526 3347 685 3426 suspicor,
723 3347 941 3428 τηρουμένου
979 3343 1190 3409 scribendum
1227 3361 1311 3418 esse,
1352 3349 1387 3405 ut

157 3451 243 3516 idem
267 3451 449 3516 subiectum
475 3452 649 3517 amborum
672 3452 895 3517 membrorum
918 3451 988 3516 fiat:
1015 3447 1109 3534 qnod
1132 3454 1164 3513 et
1181 3465 1331 3530 superne
1346 3485 1383 3492 —

150 3553 320 3638 paludem
349 3553 530 3647 efficiebat
544 3556 682 3646 μιιοὶιιτ1
710 3561 743 3624 et
769 3555 818 3622 nd
841 3557 990 3624 Eionem
1016 3573 1136 3621 uersus
1160 3550 1309 3619 nauibus
1334 3571 1386 3616 cn-

157 3659 373 3727 stodiebntnr
397 3663 450 3750 (el.
477 3665 530 3742 30,
551 3666 588 3743 4;
615 3665 651 3742 ΙΙ,
677 3667 727 3741 13,
751 3664 794 3751 7).
817 3703 861 3710 -—
879 3667 915 3730 ln
939 3664 961 3750 ξ
986 3666 1006 3730 3
1029 3663 1131 3727 verba
1154 3663 1272 3724 αἰτῶν
1290 3659 1387 3743 Ἀθη-

157 3770 255 3832 νοίων
277 3771 415 3852 ὑπήκοοι
437 3778 570 3853 propter
593 3773 1021 3853 collocationem‘suspecta
1040 3769 1178 3834 fortasse
1198 3768 1388 3846 interpreta-

158 3881 306 3939 mentum
339 3877 516 3942 verborum
543 3880 577 3941 ai
603 3879 716 3952 πόλεις,
749 3879 918 3944 sollemnis
946 3878 1089 3944 nominis
1118 3875 1283 3939 sociorum
1309 3871 1343 3960 (ξ
1370 3874 1386 3936 1
1429 3909 1430 3914 1

158 3979 252 4067 extr.)
286 3981 536 4048 Atheniensium
571 3982 623 4070 (cl.
658 3984 681 4071 ξ
713 3983 758 4070 6),
789 3992 848 4049 est.
879 4023 922 4032 -
951 3983 1046 4064 Quod
1069 3984 1104 4046 in
1128 3980 1150 4066 ξ
1174 3982 1195 4043 4
1219 3978 1386 4044 scribitur:

158 4090 211 4151 καὶ
234 4089 294 4170 γὰρ
318 4089 371 4151 καὶ
394 4090 483 4154 ἄδεια
506 4092 650 4173 ἐφαίνετο
673 4093 786 4164 αὐτοῖς,
810 4093 1015 4174 ἐψευσμένοις
1034 4090 1094 4170 μὲν
1107 4125 1160 4160 -,
1178 4086 1214 4149 τὸ
1238 4086 1273 4149 δὲ
1294 4086 1390 4149 πλέον

158 4195 303 4277 βουλήσει
326 4195 491 4276 κρίνοντες,
515 4216 556 4262 aa
577 4217 641 4273 rea,
668 4197 758 4280 quod
781 4199 1004 4261 nominativus
1027 4197 1184 4277 κρίνοντες
1207 4199 1281 4273 post
1300 4193 1389 4273 ἐφαί-

157 4323 225 4364 νετο
252 4302 357 4370 αὐτοῖς
385 4301 511 4381 positus
541 4310 600 4380 est,
632 4323 699 4368 non
727 4308 856 4366 tantum
880 4302 1071 4368 offensionis
1095 4299 1204 4376 habet,
1231 4304 1389 4379 quantum

159 4409 246 4486 quod
270 4408 400 4472 dativus
424 4409 629 4493 ἐψευσμένος
651 4409 843 4490 praecessit.
892 4409 975 4473 Cum
998 4413 1110 4472 autern
1132 4405 1277 4485 reliquos
1297 4405 1390 4468 locos

157 4513 228 4576 cius
251 4514 379 4594 generis
402 4517 614 4596 inspiciemus
639 4512 688 4600 (ll,
712 4511 765 4589 53,
786 4513 824 4585 4;
850 4514 904 4589 lV,
926 4512 979 4588 23,
1001 4512 1037 4584 2;
1066 4513 1104 4587 V,
1126 4511 1184 4585 70;
1210 4511 1262 4586 Vl,
1280 4511 1334 4586 24,
1352 4511 1387 4586 3;
