3244 5060
750 327 791 389 77

157 503 215 585 γὰς
237 503 406 578 omittitur,
433 503 507 568 loco
532 504 712 583 posteriorc
735 501 874 567 fortasse
898 511 998 574 recte,
1021 509 1057 567 ut
1070 503 1275 585 ἐπεσαγωγὰς
1289 523 1384 569 voca-

156 610 243 674 bulis
274 610 408 681 τινλίόας
443 610 498 674 καλ
533 611 666 681 ἐσόδους
702 610 888 690 appositum
925 610 975 674 sit.
1025 611 1061 674 ln
1094 610 1198 674 Vatic.
1235 610 1388 674 scribitur

157 718 398 799 ἐξειργασμένοι,
432 718 520 798 quod
552 718 678 798 recepit
701 715 824 793 Class.;
859 718 917 782 sed
941 718 1126 798 exemplum
1150 717 1242 782 verbi
1264 718 1387 800 φύῆναι

157 843 233 888 cum
257 825 371 904 partic.
392 819 546 908 perjecti
567 815 736 888 coniuncti
759 842 827 888 non
855 823 971 888 attulit.
998 861 1042 872 -
1064 823 1087 910 ξ
1110 824 1130 888 2
1159 822 1296 889 fortasse
1323 829 1387 887 τῶν

159 930 220 1014 (τε)
243 932 453 1014 τετρακοσίων
476 930 688 996 scribendum
712 936 771 996 est.
797 969 838 976 -
864 929 886 1017 ξ
909 932 931 994 4
954 932 989 995 in
1011 932 1113 996 Vatic.
1141 937 1190 995 est
1213 931 1386 1013 ὁἌριοτο-

156 1039 295 1122 νιρύτης,Ι
308 1038 366 1101 sed
390 1035 431 1102 cl.
455 1035 478 1123 ξ
498 1037 536 1102 2;
562 1039 580 1101 ὁ
608 1037 734 1122 Θηραμ.
750 1087 756 1101 .
773 1088 779 1101 .
794 1038 848 1102 ιιαλ
866 1038 975 1120 Ἀριοτ
992 1075 1033 1086 -
1052 1039 1169 1102 Veram
1193 1039 1386 1119 scripturam

156 1145 260 1229 φυλὴν
294 1145 388 1209 baur.
424 1142 491 1210 fere
524 1145 615 1209 solus
648 1145 789 1210 servavit
823 1141 910 1230 (cett.
946 1144 1117 1230 φυλακὴν).
1149 1183 1191 1191 -
1221 1145 1387 1225 Kruegero

157 1252 353 1332 scripturam
376 1253 513 1334 ἑτέρους,
538 1271 637 1333 quum
656 1253 754 1317 etiam
770 1253 865 1316 Laur.
888 1252 1033 1332 praebet,
1057 1253 1159 1316 tuenti
1182 1253 1234 1316 hic
1256 1252 1387 1333 quidem

160 1355 213 1442 (cl.
239 1358 281 1422 ad
306 1376 334 1422 o.
360 1358 415 1435 48,
435 1356 469 1444 4)
489 1359 543 1422 vix
558 1359 804 1424 assentiendum
819 1365 879 1422 est.
928 1359 992 1423 Pro
1005 1359 1218 1441 τετραμμένον
1231 1359 1266 1422 in
1280 1358 1385 1422 Vatic.
1456 1393 1457 1396 =

156 1463 311 1528 scribitur
342 1466 535 1548 τεταγμένον,
567 1466 731 1530 incertum
763 1483 806 1529 an
839 1471 1038 1530 correctura.
1069 1501 1107 1510 --
1126 1449 1197 1550 §5
1227 1467 1262 1530 in
1292 1465 1385 1529 baur.

159 1571 352 1651 exquisitius
376 1571 529 1636 scribitur
551 1573 618 1654 ἅμα
643 1573 756 1646 αὐτοῖς,
780 1570 821 1637 cf.
839 1573 880 1636 ad
900 1571 966 1647 vll,
990 1571 1271 1648 70‚1.-Vatic.
1298 1571 1389 1636 solus

156 1701 202 1748 τις
227 1683 293 1742 τῶν
320 1679 500 1760 περιπόλων
527 1679 678 1760 praebet;
713 1680 747 1742 in
776 1685 852 1744 cett.
883 1686 933 1744 est
959 1683 1023 1742 τῶν
1045 1679 1226 1761 περιπόλων
1247 1703 1299 1752 τις,
1323 1695 1389 1759 qua

159 1785 194 1848 in
221 1783 441 1849 collocatione
468 1785 644 1851 verborum
675 1803 858 1866 pronomen
884 1809 928 1855 τις
956 1803 1031 1850 cum
1055 1786 1166 1868 ἅρχων
1189 1787 1388 1866 coniungen-

159 1890 238 1954 dum
271 1910 346 1956 esse
377 1892 453 1956 dicit
484 1891 643 1976 Stahlius;
678 1893 736 1957 sed
761 1893 875 1958 nescio
899 1911 942 1956 an
964 1898 1028 1956 τῶν
1050 1892 1230 1974 ιτεριιιόλων
1252 1916 1303 1964 τις,
1326 1897 1390 1956 τῶν

158 1999 221 2062 κτλ.
246 1982 443 2079 distinguere
467 1999 574 2070 liceat.
601 1997 642 2063 cf.
668 1997 691 2084 ξ
715 1999 746 2062 2.
796 1999 843 2062 De
866 1999 1030 2063 vocabulo
1059 1991 1183 2063 rariore
1209 1999 1245 2062 τὸ
1273 2004 1388 2080 στῖφος,

162 2105 249 2185 quod
281 2105 316 2168 in
350 2106 453 2170 Vatic.
488 2106 778 2186 interpretamento
812 2123 965 2186 perverso
998 2105 1033 2169 τὸ
1061 2106 1185 2188 ιιλῆύος
1216 2105 1388 2185 expulsum

162 2219 219 2286 est,
247 2210 288 2276 cf.
316 2213 426 2277 adnot.
458 2213 583 2278 Stahlii.
611 2251 654 2258 -
678 2213 713 2276 ln
742 2213 837 2276 Laur.
874 2218 923 2276 cst
954 2212 1145 2295 ἐβουλεύετο,
1178 2213 1236 2276 sed
1270 2208 1310 2275 cf.
1346 2211 1388 2275 ad

164 2319 227 2395 Vll,
255 2318 308 2394 72,
335 2318 366 2382 2.
393 2355 435 2366 —-
462 2319 568 2384 Verba
590 2320 671 2403 πλὴν
694 2319 780 2391 ὅσοις
801 2320 846 2403 μὴ
876 2319 938 2383 κτλ.
964 2316 1067 2405 (8.6),
1099 2337 1184 2398 quae
1211 2325 1387 2398 temptave-

162 2431 237 2490 runt
260 2427 326 2490 iam
350 2427 490 2491 Haasius
514 2433 546 2492 et
575 2428 769 2508 Kruegerus
801 2427 883 2491 mira
910 2425 1078 2506 diligentia
1106 2426 1230 2490 intacta
1258 2432 1390 2489 servant

161 2533 313 2597 editores.
363 2532 438 2598 Sive
472 2534 556 2599 enim
591 2553 683 2614 pron.
720 2540 815 2598 ταῦτα
848 2535 889 2597 ad
922 2550 962 2597 ea
992 2550 1077 2614 quae
1106 2532 1148 2596 ad
1179 2532 1389 2614 oligarchiam

161 2641 403 2706 cohercendum
427 2641 608 2720 agebantur
630 2639 776 2716 refertur,
803 2646 861 2704 aut
882 2640 963 2723 πλὴν
986 2645 1043 2704 aut.
1060 2640 1105 2723 μὴ
1126 2658 1260 2720 prorsus
1279 2656 1389 2719 super-

162 2763 344 2810 vacaneum
368 2752 427 2821 est,
453 2747 522 2810 sive
547 2748 587 2811 ad
612 2765 652 2811 ca
671 2764 756 2827 quae
774 2753 957 2828 sequuntur
975 2747 1007 2811 id
1027 2753 1175 2827 spectare
1194 2745 1388 2810 existimabi-

163 2871 245 2928 mus,
286 2851 487 2917 abundantia
519 2854 653 2918 minime
685 2851 820 2918 ferenda
852 2857 984 2919 orietur.
1042 2854 1200 2934 Equidem
1233 2853 1389 2916 Haasium

162 2959 235 3022 adv.
260 2957 350 3040 πλὴν,
374 2959 463 3040 quod
487 2961 529 3024 ab
553 2961 664 3041 aliquo
689 2961 744 3042 qui
767 2964 995 3041 exceptionem
1019 2961 1128 3025 verbis
1151 2959 1237 3030 ὅσοις
1258 2959 1303 3041 μὴ
1329 2960 1388 3040 sig·

163 3064 327 3130 nificatam
359 3084 474 3146 parum
506 3067 721 3132 intellexisset
755 3065 807 3152 (cl.
840 3068 907 3140 Vll,
942 3069 994 3143 71,
1025 3067 1061 3143 6;
1097 3065 1149 3142 85,
1182 3065 1214 3151 2)
1244 3065 1389 3130 additum

161 3190 234 3236 esse
248 3172 386 3249 videtur,
411 3174 572 3238 delentem
589 3192 720 3255 sequor.
764 3164 923 3259 [Gertzius
937 3174 982 3257 μὴ
998 3175 1031 3236 in
1048 3173 1091 3256 δὴ
1108 3173 1224 3254 corrigi
1240 3170 1385 3256 mavult]

164 3315 205 3326 -
229 3280 308 3344 Post
334 3287 516 3364 στρατηγῶν
543 3281 577 3344 in
608 3281 711 3346 Vatic.
743 3300 802 3362 pro
832 3281 913 3351 ὅστις
940 3277 1070 3362 (tatem,
1101 3277 1161 3364 qui
1178 3283 1238 3362 -)
1262 3297 1388 3344 correo·

163 3392 245 3464 tura,
272 3387 399 3466 opinor,
425 3389 462 3459 ὃς
484 3387 653 3461 scribitur;
680 3389 737 3453 sed
762 3386 803 3452 cl.
831 3388 948 3468 Krueg.
974 3407 1109 3468 gramm.
1131 3384 1221 3472 851,
1249 3385 1386 3450 8adnn.

163 3491 184 3555 2
203 3500 235 3558 et
254 3492 286 3568 3,
313 3493 418 3557 Madv.
436 3501 521 3576 synt.
538 3493 561 3580 ξ
578 3494 640 3560 105
656 3497 687 3572 d,
714 3495 815 3560 Thuc.
833 3495 884 3571 ΙΙΙ,
902 3493 956 3570 57,
974 3494 1009 3570 3;
1036 3495 1127 3558 Dcm.
1145 3493 1319 3568 XXXVlll,
1336 3489 1388 3556 8.1

163 3637 206 3646 -
220 3598 276 3685 §7
300 3600 335 3663 in
350 3600 444 3664 Laur.
472 3602 580 3666 minus
604 3602 689 3667 bene
712 3603 788 3666 ὅσον
811 3604 880 3665 οὐκ
904 3602 1071 3678 scribitur;
1097 3599 1138 3666 cf.
1155 3607 1266 3664 tamen
1280 3598 1334 3675 26,
1355 3599 1388 3674 1;
1507 3689 1508 3695 ¹

163 3706 216 3782 51,
246 3707 274 3770 1.
303 3743 344 3752 --
367 3705 390 3792 ξ
413 3709 433 3772 8
458 3708 552 3771 Laur.
580 3706 647 3773 fere
670 3709 760 3772 solus
784 3714 860 3772 ante
883 3711 1103 3792 πρεσβυτέρων
1130 3708 1244 3786 partic.
1270 3730 1301 3770 τε
1325 3723 1388 3770 ser·

254 3953 262 3983 ¹
281 3953 364 4008 Pauci
388 3953 452 4007 anni
479 3959 551 4023 sunt,
575 3971 638 4009 cum
661 3971 735 4009 nova
758 3955 926 4010 recensionis
949 3947 1108 4010 adiumenta
1131 3956 1307 4008 accesserunt
1325 3952 1391 4019 frag-

164 4047 257 4096 menta
285 4043 463 4097 membranae
491 4043 675 4112 Faijumensis
703 4045 757 4111 (ed.
786 4043 945 4113 Wesselyus
973 4044 1001 4098 in
1029 4042 1100 4098 stud.
1123 4043 1239 4098 Vindob.
1264 4041 1316 4095 vol.
1336 4039 1389 4104 vll,

165 4129 247 4199 1885)
266 4131 394 4186 omnibus
414 4132 515 4186 nostris
533 4133 675 4188 codicibus
694 4133 769 4188 haud
787 4135 869 4201 paulo
889 4133 1043 4203 antiquiora
1061 4134 1144 4200 (saec.
1165 4133 1221 4186 fere
1241 4131 1328 4186 vllmo
1349 4129 1391 4182 tri·

164 4218 221 4274 huit
238 4221 437 4276 Landwehrius
457 4221 485 4276 in
503 4221 598 4276 Philol.
619 4222 700 4278 XLIV
719 4221 812 4291 (1885)
831 4240 855 4291 p.
876 4222 951 4290 743),
970 4222 1069 4293 quibus
1089 4222 1173 4276 verba
1192 4237 1209 4276 a
1231 4237 1289 4288 cap.
1304 4220 1346 4288 91,
1359 4217 1388 4272 3:

133 4381 134 4385 Ἰ
163 4307 343 4377 διαφθαρῆναι
373 4311 408 4364 ad
422 4327 451 4386 Ιο,
471 4310 515 4376 92,
534 4311 564 4364 6:
594 4309 760 4380 ὁμογνώμων
788 4312 972 4375 continentur;
1000 4327 1071 4381 quac
1099 4327 1161 4364 cum
1185 4309 1284 4364 nostris
1312 4305 1389 4361 codd.

163 4395 246 4452 ferme
274 4399 476 4453 consentientia
505 4399 628 4467 (ἑτέρους,
658 4399 818 4470 ἐβουλεύετο,
847 4401 886 4467 ὃς)
915 4407 1022 4468 praeter
1046 4399 1148 4468 aliquot
1172 4402 1340 4451 correcturas
1364 4399 1391 4449 et

166 4487 264 4541 menda
287 4487 354 4541 nihil
377 4487 526 4543 admodum
550 4490 614 4543 novi
639 4491 764 4555 afferunt,
789 4489 841 4543 nisi
869 4489 938 4543 forte
957 4506 979 4544 c.
999 4489 1042 4550 92,
1063 4489 1079 4540 2
1099 4485 1231 4554 scriptura
1248 4484 1390 4550 οὐδαμῶς
1495 4528 1499 4538 ,

167 4573 247 4642 ὄνομα
265 4582 311 4628 τοῦ
330 4576 500 4636 κελεύσαντος
518 4579 644 4645 vulgatae
664 4579 842 4648 praeferenda
861 4581 910 4633 est.
