3262 5052
844 316 908 380 100

263 496 382 560 calami
414 519 531 578 συναμ.
565 497 721 576 scriptum
755 492 828 580 est),
864 513 949 576 quae
979 513 1007 558 c.
1039 493 1082 558 43
1110 499 1191 558 extr.
1229 491 1488 576 (ξυνεξήμαρτον)

264 603 362 683 plane
385 602 628 683 comprobatur.

354 707 415 782 43,
445 708 476 772 2.
516 708 563 773 De
601 709 761 789 scriptura
797 706 1036 790 βουλευόμενον,
1074 724 1173 786 quam
1204 704 1358 770 meliores
1391 705 1488 768 codd.

263 823 392 896 praeter
421 816 515 878 baur.
546 814 714 895 praebent,
746 813 786 878 cf.
818 814 860 878 ad
888 813 955 888 VII,
987 812 1039 888 72,
1066 812 1098 876 2.
1123 849 1167 858 ——
1189 809 1213 897 ξ
1235 813 1267 876 4.
1307 813 1401 894 ὑμῶν
1427 817 1492 876 τῶν

264 923 315 986 δι’,
335 922 463 1003 ὀλίγου
491 919 713 1006 σκοπούντων]
747 921 888 986 editores
916 921 950 983 in
978 938 1018 984 eo
1048 920 1268 993 consentiunt,
1295 919 1383 1000 quod
1407 919 1492 984 haec

263 1028 364 1092 verba
387 1027 428 1092 de
452 1033 599 1108 tempore
625 1025 717 1113 (aper
740 1027 838 1092 breve
862 1033 1024 1107 tempus»,
1052 1024 1182 1110 Stant),
1210 1045 1277 1090 nou
1300 1025 1425 1105 tropice
1451 1026 1492 1090 de

264 1134 339 1198 loco
372 1135 479 1214 posita
510 1152 583 1198 esse
616 1134 746 1209 volunt;
782 1134 840 1198 sed
872 1134 937 1198 hoc
969 1133 1078 1198 verbis
1106 1151 1191 1213 quae
1218 1132 1435 1213 praecedunt:
1466 1155 1493 1194 τι

264 1243 348 1324 ἡμᾶς
375 1241 549 1324 περαιτέρω
575 1247 790 1322 προνοοῦντας
818 1241 960 1322 pessime
993 1240 1157 1304 convenit.
1207 1239 1376 1306 Sententia
1408 1239 1492 1302 haec

265 1353 329 1412 est:
360 1348 416 1429 qui
432 1364 502 1430 per
525 1343 629 1412 breue
651 1343 813 1430 spatium,
839 1365 906 1410 non
934 1347 1030 1428 longe
1058 1347 1242 1426 prospicitis
1276 1343 1412 1430 (‹deren
1440 1363 1492 1426 ge·

265 1454 456 1518 sichtskreis
478 1453 786 1533 beschriinktists),
812 1451 853 1516 ci.
880 1451 947 1526 Vll,
975 1453 1027 1527 71,
1054 1451 1090 1516 3:
1117 1453 1157 1516 δι’
1183 1453 1287 1534 ὀλίγου
1311 1451 1371 1534 γὰρ
1395 1453 1494 1535 οὔσης

264 1566 319 1643 τῆς
340 1561 434 1637 θέας
461 1560 549 1624 cives
573 1560 659 1624 enim
683 1560 816 1640 impune
842 1559 1035 1642 (ἀνεύθυνα)
1060 1560 1253 1639 peccabant.
1279 1596 1323 1606 -
1339 1557 1429 1644 -ln§
1458 1557 1490 1632 5,

265 1665 322 1730 ubi
355 1665 500 1730 Stahlius
531 1669 620 1750 ἥντυῑ
651 1669 690 1730 ἂν
717 1684 776 1746 pro
803 1668 907 1749 ἥντινα
936 1667 1075 1746 scripsit,
1103 1667 1264 1747 scriptura
1287 1685 1307 1730 a
1330 1664 1493 1746 Madvigio

265 1773 433 1854 proposita
465 1775 504 1856 ἤν
535 1796 610 1846 τινα,
643 1790 742 1853 quam
781 1769 932 1858 (fortasse
969 1768 1169 1857 correctura)
1204 1773 1307 1836 Vatic.
1347 1773 1491 1848 exhibet,

266 1877 480 1960 praeferenda
502 1885 599 1955 esset,
626 1880 689 1942 nisi
709 1884 741 1943 et
760 1897 916 1944 numerus
936 1880 1019 1960 plur.
1042 1878 1132 1962 (τινὰ)
1153 1897 1214 1958 pro
1232 1878 1348 1960 singul.
1365 1880 1493 1959 positus

268 1982 309 2070 (v.
337 1984 453 2050 Stablii
477 1986 553 2050 adn.
580 1983 664 2070 crit.)
694 1993 726 2052 et
753 1986 856 2067 magis
880 1987 977 2050 etiarn
1001 1986 1102 2051 verba
1125 1987 1203 2050 ἔστιν
1226 1985 1286 2060 ὅτε,
1310 2003 1395 2066 quae
1419 1994 1495 2066 post

265 2092 330 2156 τινὰ
354 2111 488 2173 prorsus
507 2093 614 2157 otiosa
633 2100 754 2168 essent,
772 2092 984 2158 offenderent.
1032 2093 1082 2156 Ad
1097 2091 1234 2156 verbum
1247 2092 1358 2175 τύχητε
1372 2093 1491 2174 Krueg.

265 2205 355 2264 recte
379 2218 419 2264 ex
442 2200 481 2263 iis
505 2218 589 2280 quae
614 2206 796 2281 sequuntur
814 2202 996 2283 ζημιοῦντες
1013 2199 1231 2280 supplendum
1251 2216 1323 2263 esse
1342 2199 1491 2279 putebat,

268 2306 354 2370 sicut
377 2305 544 2370 Demosth.
571 2307 625 2379 IX,
652 2306 696 2370 54
719 2307 896 2377 κελεύοντες
920 2304 973 2392 (cf.
1001 2306 1104 2371 Rehd.
1130 2306 1197 2370 ind.
1224 2325 1250 2369 s.
1276 2325 1307 2370 v.
1332 2305 1492 2392 τυγχάνω)

267 2412 465 2476 audiendum
485 2419 544 2478 est.
588 2411 747 2498 [Gertzius
766 2415 805 2496 ἢν
823 2437 850 2476 τι
869 2414 998 2495 ἀτυχῆτε
1017 2411 1161 2498 conicit]
1180 2413 1274 2476 -In
1293 2411 1358 2478 fine
1377 2413 1494 2492 capitis

267 2519 380 2582 nescio
404 2537 447 2582 an
470 2522 512 2583 οἳ
529 2521 640 2584 πολλοὶ
663 2520 754 2585 οὖσαι
776 2523 802 2594 ξ.
827 2519 1036 2584 scribendum
1060 2520 1116 2595 sit;
1143 2519 1275 2584 minime
1299 2520 1386 2584 enim
1410 2519 1443 2582 h.
1469 2519 1491 2582 i.

266 2625 380 2705 partic.
415 2627 450 2699 εἰ,
483 2627 611 2691 etiamsi
641 2627 729 2691 idern
762 2632 860 2706 atque
888 2626 933 2690 ὅτι
963 2623 1015 2710 (cf,
1042 2625 1073 2700 9,
1100 2621 1495 2710 2)va1ereexistimatur

269 2727 410 2818 (Sterni),
441 2733 604 2797 convenit.
662 2733 792 2797 Vallem
820 2739 979 2812 tanquam
1006 2734 1042 2794 αΐ
1066 2731 1178 2813 legerit
1205 2734 1341 2798 vertisse
1371 2721 1491 2814 Krueg.

269 2837 414 2902 adnotat.

361 2942 421 3024 44,
438 2946 469 3008 3.
486 2982 531 2990 -
544 2951 635 3009 τοῦτο
658 2947 676 3008 ὃ
699 2946 831 3028 μάλιστα
844 2943 957 3008 Κλέων
975 2945 1158 3028 ἰσχυρίζεται
1176 2945 1256 3030 κτλ]
1275 2946 1363 3010 hunc
1382 2947 1492 3011 locum

268 3051 315 3114 sic
348 3051 445 3114 vertit
469 3050 628 3116 Stahlius:
665 3047 758 3135 qdod
790 3046 839 3115 ad
871 3046 908 3115 id
941 3048 1063 3116 attinet
1093 3047 1186 3135 quod
1218 3058 1280 3117 cet.
1312 3058 1345 3117 et
1377 3054 1495 3118 eodem

267 3157 367 3221 modo
401 3157 505 3224 Closs,
541 3158 696 3238 explicat,
733 3159 827 3222 cuius
860 3164 971 3224 tamen
1004 3178 1084 3223 usus
1117 3158 1243 3224 nullum
1276 3160 1356 3224 satis
1388 3161 1494 3224 simile

267 3264 453 3344 exemplum
477 3284 495 3329 c
519 3265 709 3347 Thucydide
732 3265 951 3346 protulerunt;
978 3267 1036 3331 sed
1060 3266 1177 3330 melius
1193 3267 1306 3347 Poppo
1325 3273 1359 3332 et
1373 3267 1492 3348 Krueg.

267 3376 357 3434 τοῦτο
381 3371 546 3436 obiectum
570 3372 730 3452 participii
749 3373 1039 3456 ἀντισχυριζόμενσς
1057 3373 1343 3450 esse'statuerunt,
1369 3379 1405 3436 ut
1423 3375 1493 3438 uni-

268 3495 362 3542 verse
392 3478 552 3542 rationem
586 3478 733 3543 utilitatis
768 3477 866 3564 (eden
899 3481 1147 3561 gesichtspunkt
1179 3481 1238 3545 des
1269 3479 1493 3566 uiitzlicben»)

269 3583 437 3664 significet.

359 3690 418 3764 45,
446 3691 461 3753 1
487 3693 601 3756 nescio
630 3711 671 3756 an
697 3693 888 3774 exquisitius
911 3694 944 3756 in
969 3694 1064 3758 Laur,
1091 3695 1207 3776 ζημίαι
1229 3694 1430 3776 πρόκεινται
1453 3693 1494 3758 de

268 3797 384 3877 poenis
407 3799 441 3859 in
465 3798 593 3878 singula
612 3800 797 3881 quibusque
817 3800 936 3864 delicta
956 3801 1142 3864 constitutis
1161 3801 1316 3881 scriptum
1336 3801 1390 3876 sit;
1417 3819 1494 3864 nam

269 3921 334 3983 quo
359 3903 458 3968 modo
482 3906 599 3986 singul.
621 3907 655 3970 in
674 3907 756 3987 plur.
776 3907 940 3986 corrumpi
963 3907 1113 3987 potuerit,
1140 3907 1227 3972 haud
1252 3905 1346 3972 facile
1369 3907 1493 3972 intelle·

268 4010 362 4089 gitur.
389 4045 431 4056 -
460 4009 483 4094 ξ
515 4011 546 4074 3.
581 4015 869 4096 παραβαινομένων
902 4013 936 4076 δὲ
966 4021 1013 4095 τῷ
1044 4014 1153 4096 χρόνῳ
1175 4051 1219 4060 -
1244 4015 1409 4096 ἀνήκουσι·
1442 4014 1496 4078 καὶ

267 4121 357 4179 τοῦτο
390 4116 481 4198 ὅμως
512 4120 752 4204 παραβαίνεται]
791 4120 887 4184 valde
919 4120 1032 4184 dubito
1065 4127 1198 4186 rectene
1229 4137 1365 4204 poenos
1403 4124 1496 4185 trare

269 4219 436 4287 scandere
461 4222 491 4309 (i.
519 4242 547 4288 e.
574 4225 757 4312 neglegere)
788 4228 930 4300 dicatum
965 4227 1055 4308 quod
1079 4228 1106 4290 si
1129 4230 1176 4291 ita
1199 4235 1295 4305 esset,
1322 4230 1362 4292 ad
1390 4252 1494 4310 τιαρο-

268 4330 467 4414 βοινομένων
490 4349 530 4396 ex
553 4333 593 4396 iis
618 4351 702 4414 quae
727 4335 929 4416 praecedunt
946 4339 1010 4398 τῶν
1028 4336 1152 4417 ζημιῶν
1171 4335 1389 4416 supplendum
1409 4343 1495 4401 esset

271 4433 381 4523 (gloss.
409 4437 535 4526 bugd),
563 4459 628 4521 qua
651 4441 685 4504 iu
709 4442 976 4522 interpretatione
1000 4442 1170 4522 genetivus
1194 4461 1327 4523 quoque
1350 4443 1495 4522 paullum

270 4543 459 4610 offenderet.
508 4545 573 4612 Sed
602 4548 721 4612 dicitur
750 4549 868 4612 ἀδικεῖν
890 4549 1040 4632 ἀδίκημα,
1073 4567 1139 4630 qua
1172 4550 1333 4613 sermonis
1357 4567 1495 4616 consue·
