3262 5052
241 516 415 597 requiritur
445 517 531 580 enirn
560 517 754 596 significatio
783 517 853 580 eius
876 518 923 581 rei
947 535 1032 597 quae
1058 517 1325 581 Lacedaemoniis
1349 517 1470 580 accidit

244 621 345 709 (velut
368 621 561 709 γεγυνότος);
588 623 645 687 sed
669 625 703 687 in
728 624 912 704 praesentia
936 624 1014 687 nihil
1038 624 1136 704 paulo
1161 624 1266 703 aptius
1290 640 1381 686 eruo.

335 730 391 803 18,
416 731 447 794 4.
475 767 517 776 —-
539 731 662 812 τάγαδδι
696 731 728 800 ἐς
761 731 938 814 ἀμφίβολον
970 731 1122 813 ἀσφαλῶς
1153 729 1280 813 ἔδεισα]
1314 729 1467 804 HaasiUS,

242 855 339 918 quem
373 838 514 902 editores
547 843 743 918 sequuntur,
781 833 953 901 secundus
986 854 1042 901 res
1076 833 1166 900 inter
1198 832 1365 919 αοιδίριια
1400 838 1469 900 tuto

233 946 429 1028 posuerunt
450 944 555 1019 vertit,
582 962 647 1024 qua
670 944 704 1006 in
728 945 994 1024 interpretatione
1019 963 1094 1008 cum
1114 943 1266 1006 aliatum
1285 960 1469 1024 oxymoron

240 1051 399 1131 displicet.
449 1050 602 1115 Fortasse
634 1051 846 1115 scribendum
879 1057 928 1114 est
960 1052 991 1121 ἐς
1024 1051 1265 1133 ἀναμφίβολονε
1292 1051 1469 1114 commoda

239 1159 274 1221 in
306 1157 441 1221 indubio
475 1164 570 1222 caute
605 1155 656 1243 [cf.
683 1158 734 1234 ΙΙΙ,
762 1157 815 1234 56,
841 1157 878 1229 5;
905 1157 957 1232 82,
983 1155 1014 1242 t]
1051 1157 1297 1222 collocaverunt
1319 1158 1339 1219 i.
1365 1176 1395 1221 e.
1423 1175 1469 1221 cer

241 1260 433 1328 commodis
471 1261 650 1328 utilitatem
689 1267 821 1328 certum
859 1267 957 1329 caute
994 1261 1248 1348 quaesiverunt.
1314 1261 1398 1348 [elin
1432 1266 1471 1337 ἐξ

240 1372 429 1454 ἀμφιβόλων
461 1369 560 1434 fuiti»
601 1370 772 1456 Gentius]
799 1371 970 1435 -Paulo
1003 1377 1078 1451 post
1106 1372 1139 1433 in
1167 1371 1275 1436 verbis
1304 1371 1468 1450 corruptis

238 1479 339 1559 τούτῳ
372 1481 504 1550 ξυνεῖναι
537 1479 739 1558 explicandis
774 1476 892 1541 frustra
923 1478 1102 1540 moliuntur
1134 1477 1290 1552 editores
1326 1495 1467 1557 quorum

239 1585 478 1660 adnotationes
506 1585 533 1648 si
558 1585 675 1664 placet,
702 1585 771 1664 ipse
793 1585 916 1649 videas.
957 1585 1108 1648 Fortasse
1128 1583 1335 1664 Thucydides
1358 1589 1468 1647 τοῦτο

239 1691 344 1774 ἰσχὺν
367 1691 460 1754 εΙναι
485 1691 628 1771 scripsit:
658 1688 736 1776 (qui)
761 1688 916 1774 ciperem
937 1688 1075 1777 (verum)
1093 1709 1162 1754 non
1178 1686 1216 1754 td
1231 1708 1313 1765 esse,
1342 1685 1467 1755 bellum

239 1815 285 1862 ευ
313 1801 444 1881 quantu
469 1795 540 1861 eius
563 1801 670 1881 purte
693 1794 769 1882 quis
795 1794 882 1868 uelit,
912 1794 974 1862 sed
999 1793 1223 1881 utfortunoe
1238 1804 1349 1862 'casus
1374 1793 1467 1878 ipsos

239 1907 365 1988 repant
383 1922 509 1987 perere
525 1907 667 1988 [ναίοντα
695 1903 735 1970 cf.
759 1905 859 1970 verba
878 1905 910 1968 in
930 1904 994 1970 fine
1014 1905 1128 1985 capitis
1151 1905 1272 1984 posita:
1298 1905 1467 1967 ἀκίνδυνον

239 2012 369 2095 δόκησιν
392 2013 523 2094 ἰσχύος
545 2013 606 2075 κτλ.
838 2028 840 2034 ’

331 2119 387 2196 19,
420 2120 449 2184 1.
484 2121 541 2183 εἴτε
563 2122 617 2202 βίᾳ
647 2121 828 2203 διαφύγοιεν
855 2120 1097 2202 παρατυχούσης
1123 2117 1204 2188 τινὸς
1231 2118 1387 2200 σωτηρίας
1410 2119 1467 2180 εἴτε

238 2227 292 2289 καλ
324 2228 621 2310 ἒκπολιορκηύέντες
652 2227 772 2309 μᾶλλον
799 2229 838 2289 ἂν
866 2226 1064 2310 χειραιδεῖεν]
1096 2225 1258 2304 optativus
1283 2224 1467 2306 διαφύγοιεν

239 2334 352 2413 partic.
388 2336 427 2397 ἂν
459 2353 525 2397 non
559 2334 668 2398 addita
701 2335 825 2414 positus
856 2331 984 2397 defendi
1007 2334 1061 2395 vix
1085 2337 1202 2412 potest.
1251 2331 1340 2394 Nam
1358 2349 1400 2394 ne
1425 2349 1465 2394 ex

239 2441 450 2504 coniunctivo
474 2441 686 2505 deliberativo
711 2447 818 2505 ortum
842 2459 917 2505 eum
937 2457 1009 2504 esse
1029 2447 1191 2518 putemus,
1217 2438 1250 2500 id
1270 2437 1358 2519 quod
1375 2435 1464 2501 Clas-

241 2547 352 2610 senius
376 2548 405 2610 ei
430 2549 564 2627 optativi
588 2548 792 2612 deliberativi
815 2549 847 2611 in
873 2548 1047 2611 enuntiatis
1067 2546 1209 2626 obliquis
1230 2544 1327 2625 positi
1346 2561 1464 2623 cogna-

239 2653 362 2716 tionem
386 2654 550 2734 quandam
575 2655 683 2719 inesse
705 2653 738 2739 (l,
762 2653 869 2731 25,1;
895 2654 947 2728 63,
972 2655 988 2716 1
1010 2651 1100 2738 coll.)
1125 2653 1239 2717 dicens
1259 2650 1462 2732 significavit,

229 2761 373 2839 impedit
405 2760 606 2840 praecedens
639 2761 843 2840 participium
870 2756 1068 2841 praesentis
1100 2759 1256 2840 temporis
1284 2758 1464 2841 ἡγούμενοι,

240 2885 315 2930 curn
349 2865 485 2931 verbum
516 2867 747 2949 appectoraret
780 2868 813 2929 in
847 2866 939 2928 initio
967 2866 1067 2928 totius
1091 2865 1214 2945 periodi
1238 2865 1379 2945 positum
1404 2882 1464 2943 pro

240 2974 404 3052 praesenti
436 2973 592 3036 historico
625 2971 738 3036 haberi
770 2991 867 3052 posse
895 2973 949 3034 vix
977 2973 1181 3036 crediderim.
1230 2971 1344 3051 Neque
1373 2972 1400 3033 si
1430 2972 1465 3033 in

241 3080 420 3159 posteriore
458 3079 604 3144 membro
643 3079 795 3143 condicio
834 3079 1157 3162 (ἐκπολιορκηύέντες)
1195 3077 1390 3158 praeposita,
1430 3078 1463 3140 in

209 3263 214 3276 Α
240 3187 347 3266 priore
375 3205 488 3250 rursus
512 3185 693 3267 postposita
716 3192 766 3250 est
790 3186 1044 3269 (παρατυχούσης
1066 3210 1089 3248 τ,
1113 3185 1163 3267 ο),
1187 3185 1261 3248 ideo
1285 3185 1399 3264 partic.
1426 3186 1465 3246 ἂν

241 3293 293 3357 hic
322 3311 434 3358 carere
462 3311 647 3373 possumus,
681 3311 767 3374 quae
792 3298 865 3372 post
887 3293 940 3375 βίᾳ
966 3289 1110 3377 (Krueg.)
1135 3292 1187 3356 vel
1212 3291 1394 3373 διαφύγοιεν
1418 3284 1463 3354 in·

240 3401 379 3465 serenda
412 3405 461 3464 est
495 3396 674 3483 (Herwerd.
708 3403 748 3464 ἂν
780 3401 868 3481 quod
901 3406 977 3464 ante
1009 3399 1190 3482 χειρωθεῖεν
1218 3404 1267 3462 est
1295 3397 1380 3460 male
1410 3415 1463 3460 en·

240 3505 377 3593 punxit).
397 3544 436 3553 -—
453 3507 489 3571 ln
508 3505 566 3592 §4
585 3507 757 3570 articulum
779 3507 820 3570 τὰ
839 3513 915 3571 ante
934 3508 1042 3588 μέτρια
1061 3501 1222 3584 (modice)
1243 3504 1464 3586 διενεχθέντας,

240 3633 337 3694 quern
363 3616 482 3678 omittit
505 3615 614 3690 Laur,
641 3614 716 3678 loco
741 3614 821 3688 Vlll‚
844 3614 896 3689 84,
919 3612 939 3677 5
963 3612 1062 3677 allato
1087 3612 1172 3676 male
1196 3609 1373 3675 defendunt
1399 3610 1462 3673 edi·

239 3726 338 3793 tores,
369 3721 425 3784 ubi
452 3721 489 3784 τὰ
516 3723 624 3802 μέτρια
655 3719 838 3802 (δουλεύειν)
868 3720 964 3800 plane
993 3719 1057 3783 alio
1082 3735 1180 3782 sensu
1206 3717 1262 3802 (-·-
1280 3716 1317 3780 τὰ
1342 3717 1461 3799 δίκαια)

240 3827 383 3907 positum
415 3833 480 3904 est;
515 3847 648 3908 prorsus
676 3845 754 3892 vero
778 3826 942 3890 dissimilis
966 3825 1088 3890 locutio
1111 3825 1147 3888 τὰ
1170 3825 1267 3888 πλείω
1292 3823 1357 3910 (tv,
1387 3824 1461 3899 117,

162 3994 166 4003 ,
243 3935 277 4008 1;
304 3934 369 4010 Vll,
395 3933 449 4010 63,
475 3933 508 4020 2)
533 3930 593 4000 est.
634 3931 698 3998 Cir.
721 3934 759 4008 V,
788 3933 861 4008 111,
887 3933 923 3996 4:
949 3933 1057 4014 μέτρια
1080 3932 1307 4014 προκαλεῖσθαι
1331 3937 1363 3994 et
1387 3930 1461 3993 Eur.

242 4040 354 4122 Suppl.
380 4039 461 4105 556:
487 4041 783 4124 ἀδικουμένους-
805 4041 922 4122 μέτρια.

248 4182 252 4194 ·
331 4147 390 4221 20,
427 4149 441 4210 1
481 4165 662 4227 pronomen
696 4149 793 4229 ἡμᾶς
826 4146 874 4229 (δὲ
906 4147 1093 4228 στερηθῆναι
1125 4145 1211 4227 κτλ),
1249 4143 1337 4224 σασα
1375 4152 1465 4207 recte

242 4253 385 4320 Stahlius
412 4255 561 4330 restituit,
592 4256 626 4317 in
651 4254 745 4317 Laur.
772 4271 872 4316 manu
901 4253 1047 4316 secunda
1074 4253 1206 4315 demum
1229 4251 1263 4312 in
1286 4250 1370 4331 ὑμᾶς
1393 4267 1463 4314 cor·

241 4368 368 4426 rectum
395 4368 455 4426 est.
495 4397 525 4408 -·
548 4359 635 4424 lnira
660 4357 694 4445 (ξ
717 4359 737 4423 2
761 4357 855 4443 extr.)
886 4359 983 4423 hodie
1011 4359 1108 4440 vulgo
1132 4357 1298 4421 scribitur:
1329 4356 1463 4418 καταλύ.

241 4491 323 4538 σεως
346 4467 381 4532 δὲ
404 4464 596 4552 γιγνομένης
610 4468 681 4540 κτλ,
706 4467 764 4531 sed
790 4467 883 4530 Laut.
910 4466 1067 4530 aoristum
1091 4465 1295 4547 γενομένης
1320 4461 1461 4539 exhibet,

242 4594 338 4656 quem
367 4582 499 4656 propter
526 4573 668 4638 futurum
697 4575 785 4655 quod
810 4574 956 4654 sequitur
978 4573 1214 4654 προσθήσουσιν
1237 4568 1461 4650 praetulerim:
