3244 5060
848 309 890 374 68

257 487 418 552 incertum
450 505 494 550 an
526 492 724 552 correctura.
756 524 799 533 —
829 485 1028 567 Scripturam
1061 485 1257 565 optimorum
1290 483 1386 549 codd.
1421 489 1486 548 τῶν

259 593 319 675 γὰρ
350 598 487 676 μακρῶν
518 598 628 675 τειχῶν
652 630 695 639 -
718 593 847 676 λήψεως
877 590 974 680 (unus
1003 592 1090 656 haud
1118 592 1164 656 ite
1191 591 1298 656 bonus
1322 591 1404 656 liber
1428 607 1486 670 per

259 718 343 763 corr.
368 705 422 782 τῆς
443 704 508 762 τῶν
529 723 562 781 μ.
585 723 609 762 τ.
629 697 774 786 praebet)
795 705 885 764 recte
903 699 1050 765 Bauerus
1069 704 1158 780 γοῦν
1177 717 1236 778 pro
1256 697 1316 780 γὰρ
1335 696 1485 762 scribens

259 806 459 880 emendatum
485 805 526 868 de
549 805 640 870 artic.
665 813 720 889 τῆς
743 807 866 870 omisso
890 805 931 872 cI.
952 807 1005 881 VI,
1027 805 1080 882 82,
1105 807 1138 869 1;
1164 805 1215 868 ἐπί
1232 811 1286 887 τῆς
1302 842 1342 852 -
1358 807 1485 886 ξυμμα-

258 913 328 995 χίας
349 912 533 986 ,ἀνανεώσει
557 948 602 957 -
623 909 646 997 ξ
669 912 688 976 2
715 913 817 977 Vatic.
856 931 959 994 paene
993 912 1084 977 solus
1113 918 1189 992 post
1220 911 1338 993 ἄνδρας
1368 910 1483 990 partic.

258 1043 290 1082 τε
319 1024 407 1082 recte
437 1018 535 1082 addit.
584 1017 621 1082 In
652 1019 747 1084 Laur.
778 1027 828 1086 est
855 1021 1054 1104 κατέβαλλον,
1078 1019 1136 1084 sed
1160 1019 1300 1083 aoristus
1324 1017 1366 1081 ad
1389 1017 1486 1098 ἐκρά-

258 1147 354 1208 τησαν
377 1125 465 1206 quod
489 1125 635 1206 sequitur
658 1127 761 1206 magis
785 1127 948 1191 convenit.
969 1163 1014 1172 -
1036 1124 1059 1211 ξ
1082 1124 1102 1190 3
1126 1125 1260 1205 pluralis
1284 1125 1487 1204 ἀπέπεμψαν,

260 1249 358 1312 quem
381 1231 516 1311 praebet
539 1231 647 1308 Laui,
673 1233 727 1296 vix
752 1231 984 1313 praeferendus
1008 1238 1067 1296 cst.
1116 1231 1201 1296 Ante
1228 1232 1261 1302 ἐς
1287 1230 1343 1314 τὴν
1366 1229 1488 1292 Annaei.
1610 1251 1611 1284 i

261 1338 365 1402 Vatic.
392 1337 483 1402 solus
506 1338 559 1402 καὶ
583 1339 710 1402 omittit.
1177 1405 1179 1410 ,
1610 1427 1611 1436 ¹

352 1443 410 1512 ta,
439 1445 454 1508 1
481 1461 500 1508 e
523 1444 617 1508 Laur.
644 1442 748 1538 forma
767 1445 946 1528 ὑπερορίαν
964 1445 1154 1526 recipienda
1172 1451 1231 1519 est,
1254 1463 1331 1508 cum
1349 1449 1382 1507 et
1401 1442 1487 1507 Thu·
1610 1463 1611 1510 f

260 1551 332 1632 cyd.
359 1551 429 1630 ipse
448 1568 576 1631 semper
594 1549 732 1616 formam
750 1553 887 1634 μεθορία
904 1571 965 1634 pro
985 1551 1140 1620 feminino
1164 1551 1314 1616 adiectivi
1333 1549 1489 1632 μεθόριος

260 1657 405 1738 posuerit
433 1655 487 1744 (cf.
516 1657 631 1738 Krueg.
658 1659 699 1722 ad
723 1659 760 1734 11,
787 1658 840 1730 27,
866 1655 898 1743 2)
924 1665 956 1724 et
979 1659 1021 1723 ab
1048 1659 1163 1722 Atticis
1192 1657 1343 1722 adiectivi
1369 1657 1488 1738 ὑπερό-

260 1788 336 1847 ριος,
369 1764 457 1844 quod
488 1764 543 1828 iIIe
575 1764 639 1828 hoc
672 1765 744 1828 solo
768 1765 843 1830 Ioco
867 1767 986 1845 posuit,
1022 1763 1126 1830 forma
1148 1763 1305 1830 feminina
1327 1765 1347 1847 ἡ
1370 1763 1488 1844 ὑπερσ-

261 1872 312 1953 ρία
344 1889 403 1952 pro
436 1870 641 1934 substantivo
674 1871 805 1951 saepius
833 1873 941 1952 posita
967 1873 1010 1936 sit
1038 1869 1091 1958 (ci.
1111 1869 1226 1967 flexu.)
1260 1876 1292 1935 et
1315 1869 1486 1942 Demosth.

261 1978 374 2053 XXIII,
401 1977 443 2042 38
469 1976 612 2060 (ἀγορᾶς)
637 1979 767 2060 ἐφορίας
789 1977 909 2044 extet¹
927 2015 972 2024 —
991 1977 1027 2041 In
1044 1975 1067 2062 ξ
1085 1978 1105 2040 2
1125 1978 1229 2042 Vatic.
1256 1977 1387 2042 exhibet
1409 1977 1489 2040 ἄλλα

150 2094 153 2099 ·
259 2085 386 2157 itam,
406 2102 505 2164 quam
524 2085 718 2164 scripturam
739 2103 797 2150 cur
815 2085 967 2166 vulgatae
984 2084 1038 2148 καί
1050 2082 1144 2148 τᾶλλα
1158 2085 1250 2148 ἒπισσ.
1265 2081 1489 2166 praeferamus
1610 2139 1611 2148 ,

261 2191 340 2254 niul
365 2209 438 2255 esse
461 2191 603 2266 videtum
631 2192 671 2256 de
695 2192 785 2256 ame.
813 2191 863 2256 us
886 2193 994 2272 posito
1019 2189 1059 2255 σι.
1086 2191 1109 2266 r,
1136 2191 1189 2266 eo,
1215 2191 1252 2268 4;
1278 2188 1489 2266 vr‚15‚2;2

262 2298 343 2371 VIII,
370 2297 422 2372 64,
452 2298 480 2361 1.
529 2299 624 2364 Laur.
656 2299 775 2362 omittit
801 2298 923 2372 αὐτοὺς,
952 2299 1041 2380 quod
1069 2315 1149 2362 sane
1182 2315 1257 2362 cum
1291 2297 1381 2360 nullo
1414 2315 1487 2362 sen-

263 2406 384 2470 tentiae
417 2405 537 2486 damno
575 2405 692 2470 abesse
730 2410 846 2486 potest,
887 2407 944 2470 sed
982 2403 1109 2470 facilius
1142 2405 1246 2468 omitti
1280 2422 1378 2484 quarn
1412 2402 1490 2468 addi

263 2517 404 2591 poteram
437 2511 470 2574 in
503 2511 620 2576 eodem
644 2518 694 2576 est
716 2511 771 2594 τὴν
794 2512 899 2576 αὐτῶν
935 2508 1112 2597 (ipsorum,
1149 2509 1205 2574 cfr.
1233 2511 1344 2575 adnot.
1371 2509 1490 2574 Stahlii

171 2697 172 2700 Ἴ
264 2618 305 2682 ad
329 2617 352 2693 1,
381 2618 432 2693 17,
461 2615 491 2702 1)
519 2618 730 2699 μετάστασιν,
764 2618 851 2698 quod
880 2635 923 2682 an
946 2618 1077 2682 retineri
1102 2618 1205 2698 possit
1228 2617 1351 2693 nescio,
1388 2613 1428 2680 cf.
1456 2635 1485 2678 c.

265 2724 317 2798 74,
346 2725 374 2786 1.
423 2723 459 2788 In
477 2723 581 2788 Vatic.
609 2723 761 2788 scribitur
784 2724 939 2806 ἐθελῆσαι,
962 2725 1051 2805 quod
1075 2743 1115 2790 ex
1138 2725 1272 2806 ἐθελήσῃ
1297 2728 1489 2803 corruptum

263 2847 336 2896 esse
368 2830 509 2905 videtum
545 2829 603 2894 sed
631 2830 771 2894 aoristus
798 2830 1003 2894 incohativus
1032 2849 1100 2894 non
1127 2837 1195 2894 tam
1222 2833 1257 2894 in
1284 2831 1348 2894 hoc
1372 2829 1485 2904 verbu,

265 2955 330 3016 quo
354 2936 485 3000 habitus
508 2937 693 3000 animorum
716 2936 926 3017 significatur,
954 2955 1052 3018 quam
1077 2938 1109 3000 in
1133 2939 1365 3020 μεταστήσωσιν
1392 2942 1489 3016 aptus

264 3048 323 3108 est.
373 3041 525 3108 Ceterum
549 3050 624 3124 post
646 3043 774 3124 ἐγένετο
797 3043 888 3108 artic.
916 3043 934 3106 ὁ
954 3044 1115 3109 excidisse
1135 3045 1272 3118 videtur,
1294 3041 1335 3108 of.
1359 3043 1486 3108 Betant.

265 3170 290 3213 s.
316 3169 347 3213 r.
374 3151 475 3232 ὄχλος.

357 3255 414 3335 to,
441 3257 455 3319 1
483 3257 578 3322 Laur.
605 3275 696 3338 pron.
723 3262 831 3320 τοῦτον
859 3258 986 3332 omittit,
1019 3258 1107 3338 quod
1135 3258 1189 3322 vix
1217 3257 1334 3322 abesse
1363 3261 1487 3336 potest;

266 3361 306 3426 cf.
332 3369 440 3428 tamen
466 3363 507 3428 ad
535 3363 598 3440 VII,
625 3363 678 3440 34,
706 3365 735 3426 7.
762 3399 806 3410 -
829 3361 851 3448 ξ
876 3364 896 3428 3
920 3371 1000 3428 extr.
1027 3383 1067 3430 ex
1091 3369 1231 3445 utroque
1259 3363 1332 3428 cod.
1361 3369 1425 3434 ταῖς
1451 3387 1490 3426 τε

264 3470 398 3534 πλείοσιν
421 3469 631 3536 scribendum
655 3478 713 3534 est.
740 3509 782 3518 —
806 3469 829 3556 ξ
850 3471 871 3533 4
896 3477 975 3534 extr.
1001 3471 1036 3534 in
1061 3472 1154 3536 Laur.
1179 3472 1272 3554 μέχρι
1298 3476 1363 3544 νῦν,
1391 3471 1489 3534 inter-

201 3561 203 3568 ’
265 3583 504 3654 pretamentum
527 3575 701 3640 verborum
727 3579 759 3648 ἐς
781 3583 880 3650 τοῦτο,
906 3575 992 3663 (post
1014 3575 1126 3661 μόνον)
1151 3577 1294 3658 irrepsit;
1324 3577 1358 3642 in
1382 3577 1487 3642 Vatic.

357 3840 365 3870 ¹
385 3839 486 3895 Contra
503 3841 546 3910 VI,
565 3840 607 3902 54,
628 3841 645 3894 6
664 3857 679 3894 e
699 3843 778 3895 Laur.
798 3841 940 3894 ἐνιαύσιον
959 3842 1164 3897 rescribendum
1184 3847 1256 3912 puto.
1277 3842 1489 3918 ct.1v‚117‚1;

265 3929 295 3990 V¹
317 3928 345 3992 1;
366 3929 407 3986 15.
427 3930 451 3982 2.

357 4016 444 4072 'Hoc
468 4019 529 4073 Ioco
552 4019 637 4074 verba
659 4018 694 4072 τὰ
716 4018 866 4097 πολιιιιιὰ
889 4020 1051 4075 Weidnerus
1075 4021 1193 4090 (Parerg.
1214 4038 1239 4090 p.
1259 4021 1304 4088 21)
1328 4021 1429 4076 frustra
1448 4022 1491 4076 de-

267 4107 347 4162 lebat.
385 4107 497 4176 Propter
524 4108 729 4178 ambiguitatem
758 4109 925 4178 pronominis
944 4109 1019 4168 ἄλλος
1039 4111 1123 4164 verba
1141 4109 1167 4168 ἐς
1185 4108 1216 4162 ιὰ
1234 4109 1298 4162 ἄλλα
1317 4141 1350 4148 -
1370 4109 1400 4164 τὰ
1418 4111 1491 4164 πολι-

266 4195 325 4250 τικὰ
343 4200 399 4251 tam
420 4201 451 4251 in
469 4199 571 4252 ceteris
591 4200 676 4254 rebus
696 4201 736 4254 od
749 4215 811 4254 rem
821 4217 851 4270 p.
862 4201 1076 4268 pertinentibus
1091 4199 1136 4268 (de
1152 4199 1227 4253 artic.
1244 4200 1341 4254 iterato
1355 4200 1389 4254 cf.
1400 4200 1490 4256 Madv.

267 4289 338 4355 synt.
358 4286 375 4354 ξ
396 4286 427 4340 11
448 4285 510 4340 adn.
531 4287 558 4353 6)
578 4303 659 4356 quam
681 4292 712 4342 in
731 4305 753 4342 c.
774 4306 797 4342 r.
819 4291 912 4356 iisque
931 4291 970 4350 od
990 4308 1013 4342 r.
1030 4307 1059 4358 p.
1076 4307 1105 4358 p.
1128 4289 1220 4342 valere
1239 4293 1365 4357 possunt;
1390 4294 1491 4344 utrum·

267 4391 320 4444 que
344 4374 452 4443 quidem
477 4391 525 4444 per
548 4391 578 4429 se
602 4375 700 4446 oppido
723 4375 826 4430 bonurn
850 4381 899 4441 est,
923 4377 973 4430 sed
996 4382 1104 4446 propter
1127 4393 1160 4430 ea
1184 4393 1254 4447 quae
1273 4383 1425 4446 sequuntur
1443 4380 1491 4446 (ὅτι

267 4461 348 4516 αὐτοῦ
376 4463 505 4533 διαβόλους
528 4463 659 4532 ἐμνήσθη)
686 4467 739 4521 hoc
758 4471 896 4534 praestare
914 4465 1022 4522 videtur
1041 4470 1167 4529 (callers.
1188 4469 1293 4534 neortr'p
1314 4469 1491 4536 ipolititrem

268 4552 344 4606 hans
364 4556 592 4616 modstoudern).
