3244 5060
848 305 890 369 32

260 483 404 563 praebet,
430 483 559 546 additus
583 500 656 547 θεεθ
680 483 822 554 videtur;
859 483 1028 563 superiora
1051 483 1139 546 enim
1162 483 1254 546 artic.
1281 501 1349 546 non
1372 482 1485 546 addito

260 591 367 671 posita
394 596 480 666 sunt,
510 596 544 653 et
573 588 614 652 ef.
641 589 693 665 lv,
723 589 796 665 124,
825 590 860 654 1:
896 589 949 652 καὶ
977 590 1069 660 ἄλλος
1092 590 1200 672 ὅμιλος
1222 594 1285 654 τῶν
1307 591 1486 672 βαρβάρων

259 695 364 767 πολὺς.
411 696 527 760 Partic.
557 721 589 760 ιε
617 703 691 776 post
718 697 855 778 μέγεθος
879 715 954 760 cum
978 702 1053 760 cett.
1080 715 1146 760 om.
1175 696 1282 771 Laur,
1316 696 1351 760 in
1375 696 1482 760 Vatic.

261 803 332 868 solo
357 809 407 868 est
428 803 482 866 καῖ
505 803 550 866 ὅτι
574 802 642 885 γὰρ,
667 821 732 884 qua
756 803 850 868 codd.
874 804 1094 883 discrepantia
1117 822 1160 867 an
1183 803 1283 867 verba
1305 803 1359 866 καὶ
1382 803 1428 865 θιι
1453 803 1486 866 ἐν

259 934 328 992 μεγ.
351 910 429 973 κινθ.
453 909 542 993 ἦσαν,
575 928 659 990 quae
689 911 808 974 omittit
832 911 939 982 Laur,
975 910 1085 987 spuria
1108 911 1173 972 sint
1197 909 1346 974 dubitare
1371 927 1482 990 cogor.

351 1015 411 1095 59,
435 1016 454 1080 2
483 1036 542 1096 pro
570 1018 605 1080 οἵ
620 1041 652 1080 τε
675 1015 732 1080 οὖν
754 1023 843 1080 recte
867 1016 984 1097 Krueg.
1011 1019 1042 1080 oi
1064 1017 1094 1080 θ’
1121 1015 1178 1080 αὗν
1201 1017 1371 1096 scripsisse
1396 1017 1484 1080 vide-

261 1129 327 1196 tur;
362 1141 447 1204 quae
471 1128 661 1188 correctura
684 1125 712 1187 si
735 1141 813 1188 vera
836 1128 895 1198 est,
923 1123 1126 1202 suspectiora
1150 1122 1232 1187 fiunt
1254 1123 1356 1188 verba
1378 1123 1432 1185 καὶ
1456 1125 1487 1186 οῖ

262 1230 430 1311 ξύμμαχοι,
463 1247 548 1310 quae
572 1230 675 1294 Vatic.
703 1230 793 1294 solus
821 1229 920 1292 addit.
971 1229 1084 1294 Melius
1108 1231 1196 1294 enim
1219 1231 1283 1294 hoc
1307 1230 1392 1305 loce,
1429 1230 1486 1292 ubi

262 1336 304 1399 de
327 1337 511 1400 animorum
534 1337 647 1400 habitu
664 1335 946 1418 Syracusanorum
968 1333 1021 1420 (cf.
1040 1354 1069 1400 c.
1087 1335 1139 1412 56,
1158 1334 1190 1422 2)
1212 1337 1324 1417 agitur,
1352 1335 1483 1410 absunt,

261 1451 294 1506 et
324 1449 405 1522 part.
435 1468 467 1506 ιε
495 1462 597 1507 causa
621 1462 680 1507 cur
703 1444 901 1507 adderentur
924 1461 998 1506 esse
1021 1449 1158 1522 poterat.
1207 1444 1244 1507 In
1267 1444 1384 1508 eodem
1408 1446 1483 1508 cod.

263 1568 321 1629 pro
359 1551 467 1631 ἀγῶνα
507 1557 558 1614 θεῖ
594 1551 767 1632 ἀγώνισμα,
805 1567 903 1630 quam
941 1550 1133 1632 scripturam
1171 1551 1264 1614 locus
1301 1569 1330 1614 c.
1370 1549 1424 1628 56,
1466 1552 1486 1616 2

262 1657 477 1737 comprobare
515 1657 657 1729 videtur;
693 1657 751 1720 sed
784 1655 824 1719 ci.
859 1657 1007 1720 eiusdem
1040 1675 1111 1736 cap.
1142 1655 1209 1742 §3
1243 1664 1275 1722 θῖ
1307 1677 1336 1722 c.
1367 1657 1420 1734 68,
1453 1659 1484 1723 3.

265 1763 409 1836 Τοσαῦτα,
441 1764 529 1844 quod
553 1763 639 1827 idem
664 1763 804 1839 exhibet,
837 1765 890 1827 hic
915 1764 1046 1844 quidem
1070 1769 1146 1828 ante
1170 1764 1319 1828 vocalem
1342 1766 1487 1844 positum

263 1871 370 1933 minus
394 1869 512 1950 placet.
538 1907 582 1915 —
606 1869 641 1932 In
665 1868 687 1954 ξ
711 1869 731 1933 3
755 1869 856 1934 verba
878 1870 912 1933 τὸ
936 1871 1035 1952 στόμα
1058 1871 1092 1932 in
1117 1870 1211 1934 Laur.
1238 1871 1438 1934 exciderunt.

352 1977 411 2050 60,
436 1977 455 2040 2
480 1977 586 2041 Vatic.
614 1977 808 2050 ἀσθενοῦσιν,
833 1979 888 2041 sed
913 1978 948 2040 in
972 2002 1018 2059 γρ.
1037 1977 1089 2040 vel
1109 1984 1297 2042 correctura
1314 1977 1488 2042 ἀσθενέσιν

262 2086 347 2150 sieut
379 2085 480 2148 ceteri
512 2084 662 2164 praebet;
698 2102 782 2164 quae
814 2085 915 2148 verba
946 2085 1031 2148 inter
1064 2102 1099 2148 se
1132 2085 1179 2148 sie
1212 2082 1339 2148 differre
1373 2086 1487 2148 statuit

263 2190 478 2267 Bloomfield,
505 2198 540 2254 ut
563 2191 700 2273 ἀσθενὴς
723 2191 765 2254 ad
788 2197 893 2254 totum
916 2191 1112 2256 valetudinis
1132 2190 1279 2255 habitum
1298 2189 1483 2268 referretur,

263 2299 410 2361 ἀσθενῶν
440 2316 518 2362 vero
547 2298 587 2361 de
616 2297 860 2378 aegrotantibus
884 2304 1070 2378 poneretur.
1120 2296 1178 2362 Sin
1202 2303 1311 2362 autem
1334 2297 1397 2360 boo
1422 2297 1485 2362 dis·

261 2405 387 2467 'crimen
420 2423 534 2468 verum
569 2410 666 2479 esset,
703 2402 787 2468 infra
819 2423 847 2467 c.
884 2404 936 2481 75,
972 2405 992 2470 3
1025 2405 1133 2484 potius
1165 2405 1311 2468 ἀσθενῶν
1342 2405 1486 2484 positum

263 2516 365 2584 esset;
402 2511 454 2574 hic
489 2529 620 2591 quoque
650 2512 746 2592 igitur
768 2512 872 2575 rarius
897 2511 1096 2575 vocabulum
1121 2511 1256 2593 ἀσθενὴς
1278 2512 1487 2576 retinendum

262 2636 336 2680 esse
368 2617 506 2682 videtur.
539 2655 583 2664 —
616 2618 679 2681 Pro
712 2619 836 2688 ἁπάσας
871 2616 958 2702 (ante
991 2615 1072 2702 ὅσαι)
1107 2624 1182 2681 θθῖῖ.
1217 2624 1345 2697 praeter
1376 2617 1484 2682 Vatic.

261 2725 365 2794 πάσας
388 2724 560 2804 praebent;
586 2725 665 2786 illud
689 2731 798 2788 tuetur
821 2725 843 2798 1,
873 2723 946 2798 125,
976 2725 1003 2786 1.
1030 2762 1073 2769 --
1098 2725 1133 2787 [n
1157 2722 1180 2808 ξ
1202 2725 1223 2786 4
1246 2726 1281 2786 in
1304 2724 1409 2787 Vatio.
1437 2734 1487 2790 θεῖ

262 2830 355 2894 τᾶλλα
388 2831 456 2904 ὅσα,
490 2831 546 2895 εθά
581 2831 800 2910 superscripta
830 2836 879 2894 θεῖ
903 2831 1064 2910 scriptura
1088 2837 1162 2894 cett.
1189 2831 1285 2894 codd.
1312 2831 1366 2903 ὡς,
1399 2849 1486 2911 quae

263 2938 365 3002 multo
398 2939 504 3017 aptior
536 2944 595 3002 est.
622 2975 667 2983 —
689 2935 711 3021 ξ
735 2936 755 3000 5
779 2939 812 3000 in
836 2937 940 3000 Vatic.
975 2938 1046 3001 solo
1079 2943 1153 3018 post
1183 2938 1270 3019 ὁρῶν
1293 2938 1406 3017 partic.
1433 2941 1487 3002 καὶ

263 3045 430 3119 omittitur,
462 3063 557 3123 quae,
589 3063 664 3108 curn
689 3045 858 3122 superiora
882 3045 922 3107 de
947 3043 1151 3124 praetoribus
1176 3050 1207 3108 et
1229 3044 1405 3108 taxiarchis
1430 3047 1487 3126 qui

263 3152 297 3213 in
330 3151 504 3214 consilium
537 3157 760 3216 convenerant
785 3147 819 3235 (ξ
844 3147 875 3234 2)
911 3151 997 3214 dicta
1029 3152 1103 3226 sint,
1139 3151 1193 3214 hic
1227 3151 1395 3230 aptissima
1418 3158 1483 3222 est;

264 3274 325 3321 nee
348 3263 458 3321 tamen
482 3258 590 3320 minus
614 3263 688 3338 apte
712 3257 754 3320 ad
778 3264 883 3321 totum
907 3258 1112 3322 enuntiatum
1137 3276 1211 3322 eam
1234 3256 1407 3332 rettuleris
1440 3256 1483 3322 cf.

264 3363 381 3444 Krueg.
407 3363 448 3426 ad
473 3364 495 3437 Ι,
522 3362 575 3440 95,
601 3364 637 3436 4;
666 3363 739 3438 138,
765 3363 796 3427 5.

354 3469 413 3543 61,
449 3471 464 3532 1
499 3471 681 3534 rectissime
715 3471 849 3536 verbum
872 3472 1020 3544 ἑκάστοις,
1054 3471 1142 3551 quod
1167 3489 1242 3534 cum
1265 3470 1373 3534 verbis
1397 3471 1485 3534 haud

264 3579 361 3643 dubie
394 3577 525 3658 spuriis:
561 3578 620 3660 οὐχ
652 3576 748 3659 ἧσσαν
779 3581 799 3659 ἢ
830 3584 892 3647 τοῖς
914 3578 1073 3659 πολεμίοις
1100 3578 1268 3641 eiecerunt
1296 3583 1370 3642 cett.
1396 3578 1484 3654 edd,

264 3685 446 3766 Thucydidi
478 3684 620 3748 vindicat
645 3684 825 3760 Herwerd,
862 3703 937 3748 eum
967 3684 1155 3764 quomodo
1180 3685 1321 3763 irrepere
1345 3685 1503 3763 potuerit'

263 3789 317 3851 vix
349 3789 563 3870 intellegatur.
613 3791 648 3854 ln
672 3790 776 3854 Vatic.
803 3797 852 3854 est
880 3791 1004 3871 ἑκάστῳ
1030 3787 1202 3874 (superscr.
1229 3787 1392 3874 ἑκάστοις),
1428 3791 1487 3855 εθθ

265 3895 408 3975 pluralis
448 3916 524 3960 cum
560 3898 601 3961 de
634 3896 769 3976 singulis
802 3896 999 3973 nationibus,
1039 3915 1107 3961 non
1140 3896 1327 3960 hominibus
1360 3903 1484 3976 agatur.

264 4003 369 4082 aptior
392 4009 451 4065 est.
495 4001 652 4088 [Gertzius
673 4004 813 4074 ἑκάστοις
827 4005 885 4085 οὐχ
900 4001 997 4085 ἧσσον
1020 4006 1039 4085 ἢ
1062 4010 1126 4085 τῆς
1148 4003 1307 4085 πολεμίας
1332 3999 1390 4086 (sc.
1417 4002 1486 4088 γῆς)

265 4110 421 4189 scriptum
445 4108 544 4173 fuisse
569 4109 775 4194 suspicatur]
802 4148 841 4157 -
870 4111 906 4173 ln
931 4111 1025 4174 baur.
1052 4116 1233 4191 στρατιῶται
1257 4109 1425 4173 omittitur.

355 4217 413 4290 62,
449 4217 464 4279 1
499 4223 588 4280 recte
616 4218 649 4280 in
675 4217 768 4280 Laur.
804 4219 878 4299 ἡμῖν
911 4216 1063 4279 scribitur
1088 4213 1204 4301 (Vatic.
1230 4214 1326 4302 ὑμῖν).
1352 4251 1397 4261 -
1419 4215 1487 4302 §3

264 4325 298 4386 in
322 4323 425 4388 Vatia.
452 4324 737 4407 ἀνιινααπηγῆσαι
765 4331 824 4399 θεῖ,
857 4324 915 4388 sed
944 4324 1040 4386 huius
1063 4323 1166 4403 ipsius
1189 4322 1280 4386 verbi
1304 4341 1407 4402 genus
1433 4340 1486 4387 ac-

265 4431 367 4494 tivum
391 4449 552 4512 nusquam
577 4430 654 4494 alibi
678 4431 793 4510 legitur
818 4428 961 4514 (cf.V11,
986 4411 1038 4505 36,
1061 4429 1081 4492 3
1106 4434 1138 4492 θῖ
1161 4428 1272 4494 adnot.
1299 4429 1486 4515 Kruegeri);

266 4555 327 4602 nec
360 4557 437 4603 vero
472 4537 641 4617 simplicis·
657 4536 747 4600 verbi
770 4541 938 4619 ναυπηγεῖν
962 4553 1059 4616 saepe
1084 4532 1189 4598 forma
1211 4535 1319 4598 activa
1342 4535 1485 4613 ponitur,
