3244 5060
838 315 879 378 22

327 475 433 568 εει
452 492 486 554 ιιι
501 493 605 556 uario.
628 492 780 556 scribitur
803 493 910 556 αιτιοι
924 494 943 575 ἡ
958 493 1094 566 staura,
1113 491 1153 557 ει.
1179 492 1229 568 15,
1255 494 1288 570 1;
1314 493 1366 567 11,
1385 493 1415 570 ε,
1433 493 1466 569 ι,

249 598 306 662 sed
330 597 428 661 etiam
452 598 518 673 Vll,
546 597 678 675 811,,3.1
702 636 743 644 -
767 598 803 662 ln
826 596 850 683 ξ
871 598 891 662 3
916 599 1018 664 Vatio.
1051 597 1130 685 (non
1159 597 1268 685 Laur.)
1297 617 1470 680 perperam

247 705 413 786 ἐπέρχοιτο
445 704 591 780 exbibet;
626 705 713 769 idem
745 702 830 768 infra
860 712 949 769 recte
982 707 1094 786 partio.
1123 730 1155 768 τε
1182 712 1257 770 ante
1285 705 1386 772 verba
1414 712 1470 788 τῆς

247 810 416 894 Κερκύρας
438 810 594 890 praebere
618 811 756 888 videtur,
778 809 819 875 01.
841 817 952 876 tamen
974 812 1025 888 11,
1048 811 1079 889 2,
1101 812 1156 876 ubi
1174 813 1259 876 idem
1276 811 1366 876 solus
1381 812 1469 875 banc

248 917 361 996 partic.
388 917 488 980 addit.
514 953 553 963 -
579 914 640 1001 §4
665 917 759 980 liaur.
784 919 965 1001 παρέσχετο
988 919 1092 990 αὐτοῖς
1115 919 1256 995 exhibet,
1278 918 1366 998 quod
1387 918 1469 982 reci-

248 1022 401 1102 piendum
426 1040 498 1086 esse
522 1041 653 1099 causac,
684 1021 724 1088 01.
751 1024 788 1102 ll,
815 1025 845 1100 9,
872 1024 892 1088 3
916 1030 948 1088 et
971 1023 1007 1101 53
1044 1025 1095 1102 12,
1121 1023 1157 1100 5;
1195 1026 1247 1101 98,
1273 1025 1309 1101 4;
1345 1023 1397 1100 Vl,
1425 1023 1469 1087 83

247 1134 309 1193 etc.
342 1165 375 1174 —
401 1126 424 1214 ξ
442 1127 462 1192 5
481 1130 515 1192 in
534 1129 638 1194 Vatic.
661 1131 867 1213 ἀναλαβόντες
880 1131 975 1201 αὐτὰς
989 1132 1144 1212 scripturn
1160 1139 1218 1208 est,
1237 1132 1323 1214 quod
1340 1149 1468 1196 correc-

247 1243 329 1310 tura,
357 1254 432 1300 cum
460 1242 642 1316 pronomen
666 1243 771 1302 neutr.
796 1244 891 1301 ταῦτα
915 1244 946 1302 et
969 1238 1147 1310 ἀκοντιστὰς
1170 1244 1203 1304 01
1224 1239 1355 1320 τριήρεις
1379 1255 1468 1300 com·

248 1341 346 1420 plecti
370 1360 437 1406 non
459 1343 661 1408 intellectum
684 1350 781 1419 essct,
809 1349 915 1408 ortum
939 1362 1012 1408 esse
1036 1351 1180 1425 apparet.

337 1447 396 1526 34,
423 1449 438 1511 l
464 1450 498 1512 in
521 1450 616 1512 Laur.
642 1457 717 1529 post
734 1449 981 1532 Πελοποννήσιοι
998 1469 1131 1530 prorsus
1149 1451 1259 1530 inepte
1277 1450 1330 1513 καλ
1349 1451 1379 1512 ολ
1396 1451 1470 1531 περὶ

246 1555 308 1618 κτλ.
332 1554 673 1630 scribitur31nversu
697 1557 845 1636 proximo
869 1552 973 1620 Vat'io.
999 1558 1029 1620 οἳ
1049 1557 1120 1639 περὶ
1144 1555 1213 1642 (per
1235 1555 1468 1636 compendium

244 1656 264 1780 J,
295 1684 462 1772 scriptum)
486 1693 549 1750 τῶν
573 1688 720 1752 ὁλκάδων
744 1689 886 1768 praebet.
917 1686 1074 1773 [Gertzius
1098 1707 1126 1753 0.
1154 1689 1207 1766 31,
1229 1690 1251 1752 4
1275 1688 1350 1752 coll.
1376 1689 1470 1769 αἵιτερ

247 1817 391 1904 conicit]
418 1856 462 1865 —
484 1818 506 1905 ξ
529 1820 549 1883 2
574 1839 640 1884 non
665 1821 771 1884 solum
795 1823 828 1883 in
852 1823 924 1885 cod.
948 1823 985 1885 H.
1013 1847 1059 1904 γρ.
1085 1820 1139 1908 (m.
1167 1820 1259 1906 sec),
1286 1822 1343 1886 sed
1368 1821 1469 1885 etiam

245 1926 279 1988 in
294 1925 398 1990 Vatic.
422 1933 472 1990 est
490 1928 527 1990 ἐν
546 1923 583 2009 ᾦ,
607 1934 642 1990 111
665 1925 748 1991 infra
770 1925 792 2012 ξ
816 1927 846 2004 8,
873 1929 930 1992 sed
954 1927 996 1992 01.
1023 1928 1102 2005 Vlll,
1120 1928 1173 2004 91,
1191 1927 1220 1990 2.
1261 1926 1466 2009 Singularem

244 2033 554 2116 ντροσβεβοηδηκὼς
583 2031 670 2119 (cett.
706 2041 737 2096 et
765 2033 869 2098 Vatie.
905 2059 951 2117 γρ.
985 2033 1099 2119 -κότες)
1133 2035 1166 2096 111
1193 2035 1297 2098 Vatie.
1333 2039 1467 2114 propter

244 2140 450 2220 παρετέτακτο
474 2140 561 2220 quod
581 2142 727 2221 sequitur
745 2147 933 2205 correctura
950 2141 1075 2205 illatum
1094 2159 1177 2216 esse,
1199 2148 1325 2204 certum
1343 2140 1462 2215 habe0,

246 2243 286 2308 01.
318 2246 356 2322 V,
385 2246 435 2322 10,
470 2247 525 2310 10:
554 2247 588 2310 τὸ
617 2249 789 2330 στράτευμα
888 2247 990 2330 φανὸν
1087 2247 1141 2310 καὶ
1168 2248 1365 2328 τραπόμενοι,
1394 2247 1463 2322 Vll,

234 2350 299 2440 ¹79,
325 2351 360 2427 43
390 2353 524 2432 pluralis
547 2333 654 2418 etiam*
669 2355 721 2430 Vl,
748 2355 801 2432 69,
828 2353 847 2418 3
872 2353 1063 2429 defenditur,
1090 2354 1117 2416 si
1141 2353 1273 2433 quidem
1296 2353 1340 2416 ibi
1363 2355 1464 2434 scrip-

245 2462 318 2519 tura
341 2475 423 2521 sana
445 2465 504 2522 est.
554 2459 767 2526 Correeturae
792 2462 842 2526 vel
870 2461 1127 2540 interpretationi
1155 2457 1291 2522 formam
1314 2481 1465 2540 ττροανε-

244 2563 381 2645 χούοαις,
405 2583 504 2644 quam
528 2567 632 2631 Vatic.
659 2573 691 2632 et
714 2569 747 2631 in
771 2593 818 2650 γρ.
840 2565 894 2653 (m.
917 2563 998 2650 sec.)
1019 2566 1092 2630 cod.
1115 2567 1153 2628 H.
1171 2565 1338 2645 praebent,
1365 2566 1466 2628 etiam

246 2668 390 2733 Stahlius
422 2671 542 2749 tribuit,
577 2674 671 2737 cuius
703 2675 814 2738 adnot.
850 2671 906 2736 011.
942 2710 985 2716 -
1017 2673 1053 2735 111
1079 2669 1149 2757 §5
1181 2691 1240 2752 pro
1270 2671 1346 2734 ar'ml
1373 2677 1466 2735 τοῦτο

245 2777 350 2840 Vatie.
376 2779 463 2860 αὐτῷ
483 2779 584 2861 τούτῳ
609 2779 749 2856 exhibet,
776 2781 833 2844 sed
862 2777 902 2843 01.
929 2778 982 2850 36,
1011 2779 1043 2853 1;
1069 2777 1092 2855 Ι,
1119 2777 1161 2842 59
1185 2785 1217 2842 et
1240 2779 1314 2842 adn.
1342 2777 1382 2841 ad
1407 2777 1462 2854 IV,

245 2881 276 2956 3,
301 2882 331 2946 2.
355 2882 433 2969 -ξ
451 2885 471 2948 6
491 2894 569 2949 extr.
590 2887 624 2948 in
644 2886 738 2950 Laur.
760 2892 992 2968 ναυμαχοῦντες
1009 2885 1071 2947 καὶ
1090 2885 1282 2959 διεσώζοντο,
1301 2885 1335 2946 111
1354 2885 1461 2949 Vatie.

244 3013 336 3072 νααμ.
357 2992 476 3072 ῥᾳδίως
499 2992 571 3056 διεα.
587 2989 654 3067 est,
682 3010 780 3072 quam
805 2993 1056 3071 discrepantiam
1080 2993 1158 3074 ῥᾷον
1182 2993 1338 3071 scriptum
1362 2981 1464 3056 fuisse

246 3097 413 3160 coniciens
437 3097 573 3162 tollebat
592 3098 772 3175 Bekkerus;
799 3099 951 3178 equidem
975 3117 1032 3178 pro
1053 3099 1165 3178 partic.
1187 3098 1248 3171 καλ,
1273 3115 1356 3178 quae
1381 3116 1464 3162 sane

245 3201 286 3264 ad
309 3203 561 3283 intellegendum
585 3203 787 3269 subdifficilis
811 3212 860 3269 est
885 3205 954 3290 (sed
978 3204 1018 3269 cl.
1041 3205 1115 3268 adn.
1139 3222 1212 3268 mea
1233 3204 1274 3267 ad
1294 3223 1322 3267 0.
1345 3203 1398 3280 23,
1416 3203 1463 3290 2),

245 3307 318 3370 adv.
345 3311 464 3391 ῥᾳδίας
490 3319 679 3376 correctura
707 3313 847 3392 positum
876 3330 948 3376 esse
977 3313 1084 3392 potius
1114 3311 1305 3390 putaverim.
1334 3347 1374 3354 —
1398 3308 1465 3395 §7

245 3413 339 3477 Laur.
366 3417 545 3497 νομίσαντες
573 3418 611 3480 δι’
637 3419 721 3491 αὐτὸ,
750 3419 854 3482 Vatie.
881 3443 950 3500 νομ.
974 3417 1060 3480 αὐτὸ
1085 3414 1131 3501 (111
1155 3415 1261 3501 litura)
1287 3417 1463 3497 praebent3

244 3575 453 3584 *Q-

336 3661 456 3717 ¹Paullo
483 3663 554 3718 intra
582 3664 708 3718 notabilis
737 3669 779 3719 est
800 3681 868 3718 usus
892 3663 1094 3732 epanalepticus
1118 3663 1265 3730 particulae
1288 3660 1325 3726 δὲ,
1344 3663 1377 3716 01.
1397 3663 1466 3730 Vlll,

125 3783 127 3788 -
245 3747 322 3809 70,1
344 3751 464 3821 (Krucg.)
501 3753 588 3806 Huius
607 3753 659 3806 loci
681 3753 834 3807 simillimus
853 3757 895 3806 est
917 3753 993 3806 locus
1017 3751 1202 3806 nobilissimae
1225 3751 1407 3821 inscriptionis
1431 3753 1467 3808 de

244 3837 354 3892 loedere
380 3842 451 3908 quod
475 3857 537 3895 cum
558 3839 782 3896 Chalcidensibus
806 3857 830 3894 a.
850 3839 902 3894 445
926 3857 949 3894 a.
971 3839 1031 3895 Chr.
1051 3857 1078 3893 n.
1097 3839 1279 3894 Athenienses
1297 3841 1402 3895 icerunt
1422 3841 1465 3909 (C.

244 3926 262 3980 Ι.
282 3927 313 3981 A.
333 3927 375 3997 IV,
396 3930 420 3997 1,
439 3931 472 3982 27
492 3946 509 3984 a
527 3945 571 3984 vv.
591 3931 625 3984 52
644 3931 726 4000 sqq.):
752 3929 812 3988 τοὺς
835 3929 864 3982 δὲ
888 3929 977 3991 ξένους
995 3928 1055 3988 τοὺς
1072 3929 1100 3982 ἕν
1117 3929 1239 3992 Χαλκίδι,
1257 3930 1313 3981 ὅσοι
1332 3929 1466 3989 οἰκοῦντες

242 4013 284 4083 μὴ
308 4017 422 4070 τελοῦσιν
442 4017 566 4086 Ἀθήναζε
588 4018 633 4072 καὶ
656 4020 683 4072 εἴ
700 4038 737 4085 τῳ
760 4018 860 4071 δέδοται
883 4017 935 4072 ὑπὸ
958 4026 1003 4072 τοῦ
1026 4018 1112 4087 δήμου
1135 4025 1180 4070 τοῦ
1196 4018 1339 4086 Ἀθηναίων
1356 4017 1466 4084 ἀτέλεια,

243 4103 317 4164 τοὺς
335 4105 369 4159 δὲ
386 4106 504 4164 ἄλλους
523 4108 601 4160 τελεῖν
614 4108 641 4166 ἐς
655 4107 775 4162 Χαλκίδα
793 4107 916 4174 καθάπερ
934 4109 961 4160 οἱ
972 4108 1043 4160 ἄλλοι
1057 4107 1197 4165 Χαλκιδεῖς
1210 4127 1256 4171 -;
1271 4108 1327 4160 ὅσοι
1339 4105 1376 4175 μὴ
1391 4108 1465 4162 enim

243 4194 316 4248 idem
339 4200 421 4265 atque
443 4194 511 4263 πλὴν
533 4198 589 4248 ὅσοι
607 4198 688 4260 valet,
708 4197 741 4251 01.
761 4197 880 4267 Thucyd,
899 4197 953 4262 Vll,
972 4197 1015 4266 71,
1034 4198 1063 4261 6;
1087 4196 1131 4264 85,
1149 4197 1174 4258 2,
1194 4212 1249 4264 qua
1266 4212 1295 4249 re
1314 4196 1352 4264 111,
1370 4202 1400 4250 ul
1420 4214 1466 4252 ne

243 4284 314 4352 gatio
334 4285 416 4340 etiam
435 4284 471 4338 ad
488 4287 573 4340 verba
594 4287 622 4338 εἴ
639 4307 677 4353 τῳ
704 4284 805 4338 δέδοται
832 4286 972 4355 pertineat.
1009 4285 1140 4340 Inutiliter
1166 4285 1245 4353 igitur
1272 4285 1463 4346 Kirohbolfius

194 4419 199 4426 .
243 4388 324 4440 quern
343 4373 454 4429 honoris
473 4389 558 4429 causa
576 4364 694 4435 nomino,
714 4389 762 4442 pro
779 4373 817 4442 μὴ
837 4376 890 4441 (με)
907 4373 955 4441 μὲν
975 4375 1124 4428 coniecisse
1142 4378 1169 4428 et
1183 4381 1244 4442 post
1257 4373 1351 4428 vocab.
1365 4371 1465 4426 ἀτέλεια

242 4461 328 4517 verba
349 4455 444 4522 ἀτελεῖς
462 4461 526 4516 εἶναι
545 4464 579 4518 ab
599 4461 714 4532 lapicida
734 4463 924 4530 praetermissa
942 4463 1096 4531 suspicatus
1115 4479 1177 4517 esse
1196 4462 1308 4516 videtur.
1350 4463 1463 4517 Senten-

244 4551 310 4606 tiam
330 4553 446 4608 eandem
465 4569 576 4608 manere
595 4555 714 4621 apparet.
