3244 5060
152 509 203 587 38,
228 508 403 596 4)·melius
427 511 543 575 dicitur
564 507 706 597 (Stichi).
728 547 771 556 -
791 508 813 595 ξ
837 511 857 574 2
883 526 941 591 pro
966 511 1136 592 αὐτομολίᾳ
1159 533 1189 574 τε
1208 511 1375 593 ἐχώρησαν

152 613 281 701 (Vatic.)
300 617 336 700 in
351 617 445 681 Laur.
471 617 623 682 scribitur
646 641 675 680 α.
698 641 729 680 τε
752 617 933 700 ἐχρήσαντο,
958 617 1046 698 quod
1070 635 1114 680 an
1137 617 1373 681 restituendum

150 723 189 786 sit
208 723 332 788 dubito.
372 724 486 804 Neque
510 724 597 788 enim
619 729 736 806 χωρεῖν
758 723 895 787 verbum
919 725 1027 803 ipsum
1041 741 1149 804 neque
1163 723 1264 788 verba
1279 723 1372 804 signi·

149 827 301 894 ficatione
333 829 431 894 simili
462 830 610 910 praedita
642 829 761 894 dativo
780 829 892 894 addito
920 831 1018 911 vulgo
1042 835 1223 909 ponuntur;
1259 835 1374 892 contra

148 952 228 1001 usus
244 1024 247 1031 Ι
265 937 519 1017 periphrasticus
555 936 647 1000 verbi
683 937 822 1020 χρῆσθαι
854 936 1086 1002 consuetudini
1119 955 1194 1000 oum
1228 934 1372 1000 Graecae

148 1051 216 1106 tum
245 1043 475 1125 Thucydideae
508 1043 674 1108 convenit.
723 1042 865 1108 Affertur
896 1044 937 1108 ad
970 1043 1115 1107 dativum
1148 1041 1373 1108 excusandum

148 1149 241 1214 locus
265 1150 289 1226 I,
316 1149 370 1224 90,
398 1149 431 1214 1:
457 1147 558 1232 ἦλθον
580 1151 744 1233 πρεσβείᾳ;
777 1149 834 1213 ubi
858 1150 954 1214 Laur.
981 1150 1097 1214 melius
1120 1150 1296 1232 πρεσβείαν
1319 1167 1371 1212 ex-

149 1257 248 1333 hibet,
285 1253 327 1320 cf.
358 1256 449 1321 [lem.
476 1255 561 1332 XIX,
590 1255 669 1320 163:
704 1257 871 1339 ἀπήραμεν
902 1255 958 1339 τὴν
989 1257 1156 1338 πρεσβείαν
1187 1261 1220 1320 et
1252 1255 1370 1335 Krueg.

147 1381 281 1444 gramm.
308 1360 330 1447 ξ
353 1362 407 1438 46,
434 1361 465 1439 5,
496 1362 598 1427 Thuo.
626 1363 648 1440 l,
678 1361 729 1439 15,
755 1362 786 1426 2.
836 1361 992 1428 Similiter
1014 1362 1065 1439 111,
1093 1363 1145 1439 81,
1172 1361 1191 1425 2
1216 1362 1250 1424 in
1274 1361 1369 1426 codd.

147 1467 213 1534 fere
244 1469 398 1534 omnibus
426 1469 638 1552 ἀπεχώρησαν
665 1487 724 1550 pro
748 1469 932 1553 ἀπεχρῶντο
955 1470 1007 1535 vel
1031 1471 1249 1552 ἀπεχρήσαπο
1272 1473 1368 1532 extat.

147 1574 296 1640 -Ante
319 1575 428 1640 πολλοὶ
449 1576 483 1639 in
508 1575 603 1640 Laur.
630 1576 722 1641 deest
745 1577 912 1650 articulus,
940 1576 1087 1658 quinon
1110 1575 1324 1640 desideratur.

236 1681 297 1761 41,
333 1681 353 1744 2
391 1701 449 1762 pro
484 1683 640 1765 ἐκπορθεῖ
667 1683 701 1746 in
734 1683 847 1748 Vatic,
875 1682 1028 1748 scribitur
1060 1683 1198 1764 ἐπόρθει,
1233 1681 1294 1746 εειΙ
1327 1679 1368 1744 cf.

148 1789 200 1866 ΙΙΙ,
226 1788 280 1862 57,
308 1787 338 1852 3.
389 1787 391 1792 ’

236 1895 297 1974 42,
321 1895 342 1958 2
366 1895 470 1960 Vatic.
502 1895 609 1959 minus
638 1895 722 1961 bene
747 1896 1001 1962 collocationem
1025 1897 1115 1966 ὄντος
1137 1895 1199 1978 ἤδη
1224 1893 1367 1976 praebet.

147 2001 256 2066 Verba
287 2002 342 2073 τὰς
373 2001 436 2065 ἀπὸ
467 2009 522 2085 τῆς
552 2002 697 2075 Καύνου,
731 2019 815 2083 quae
848 2003 934 2068 male
968 2021 1044 2066 cum
1076 2019 1225 2082 pronom.
1258 2001 1371 2070 ταύτας

146 2109 291 2172 iunxisse
319 2109 449 2173 videtur
471 2109 603 2190 Krueg,
634 2105 772 2173 fortasse
796 2109 937 2174 delenda
960 2114 1050 2186 sunt;
1086 2109 1145 2174 sed
1172 2106 1370 2172 vocabulum

146 2221 222 2285 ναῦς
253 2216 288 2278 in
320 2217 542 2296 suspicionem
574 2234 696 2280 vocare
729 2233 797 2280 non
821 2215 934 2280 debuit
957 2215 1136 2290 Herwerd.,
1175 2213 1263 2295 quod
1291 2213 1370 2276 satis

145 2328 254 2386 tuetur
276 2322 461 2387 collocatio

234 2427 295 2506 43,
330 2429 346 2492 1
381 2447 439 2509 pro
469 2429 699 2512 προσβαλόντες
725 2430 760 2492 in
784 2429 889 2493 Vatic.
919 2428 1243 2507 interpretamentum
1269 2451 1367 2509 προσ-

145 2535 330 2606 πλεύσαντες
361 2536 504 2616 positum
536 2542 595 2612 est,
631 2534 672 2599 cf.
708 2535 783 2600 adn.
810 2533 937 2598 Stahlii.
968 2571 1013 2580 --
1040 2533 1063 2620 ᾧ
1091 2534 1111 2598 2
1144 2540 1219 2615 post
1251 2534 1368 2597 ἅπασαι

147 2641 240 2724 δ’ἥόη
259 2641 364 2705 Vatic.
391 2643 481 2706 solus
505 2643 571 2724 ἅμα
595 2642 694 2719 addit,
721 2643 810 2722 quod
830 2643 927 2722 plane
948 2641 1104 2718 abundat,
1131 2639 1364 2716 cf.vl,4a,1;

147 2747 289 2812 Stahlius
314 2748 366 2824 IV,
393 2748 446 2824 30,
472 2749 508 2812 4:
543 2750 610 2831 ἅμα
638 2749 800 2832 γενόμενοι
827 2749 930 2826 affert,
966 2749 1023 2814 sed
1048 2751 1114 2831 ἅμα
1138 2746 1229 2812 οὖσαι
1252 2747 1367 2810 saltem

144 2857 221 2935 poni
245 2854 366 2919 debuit.
384 2891 427 2901 -
442 2853 464 2940 ξ
482 2857 503 2918 4
527 2862 601 2936 post
624 2856 814 2921 σπένδεσθαι
832 2859 868 2923 in
889 2857 991 2922 Vatic.
1018 2849 1180 2938 ξανθήκας
1203 2853 1364 2929 scribitur,

145 2963 231 3042 quod
264 2963 344 3042 quin
376 2963 553 3026 insiticium
581 2963 713 3027 sitnon
737 2963 879 3028 dubitari
903 2969 1020 3044 potest.
1068 2963 1182 3042 Neque
1206 2961 1304 3035 enim,
1340 2961 1367 3022 si

143 3068 281 3138 σπονδὰς
304 3069 443 3143 auditur,
468 3069 543 3134 ideo
564 3070 666 3151 τρίτας
685 3087 744 3150 pro
764 3071 871 3152 ἑτέρας
891 3068 943 3156 (οΙ.
962 3089 990 3134 o.
1008 3068 1061 3145 57,
1079 3065 1111 3152 2)
1132 3068 1366 3148 poninecesse
1492 3105 1494 3112 ›

143 3181 221 3251 erat,
247 3176 280 3238 id
300 3175 388 3255 quod
406 3175 475 3238 vult
490 3174 609 3250 Class,
636 3195 712 3240 oum
733 3175 773 3240 do
793 3176 1054 3250 condicionibus
1082 3193 1149 3238 non
1168 3175 1208 3240 dc
1228 3191 1365 3237 numero

143 3287 256 3362 agatur
289 3288 322 3347 et
353 3280 475 3346 foederi
507 3283 645 3361 pristino
676 3279 717 3367 (c.
749 3279 815 3366 37),
851 3283 939 3362 quod
973 3282 1079 3346 solum
1111 3288 1190 3345 tunc
1222 3281 1362 3361 valebat,

142 3407 265 3454 novum
289 3389 377 3469 quod
402 3387 518 3451 facturi
541 3395 634 3452 erant
658 3394 858 3469 opponatur;
885 3394 1030 3454 ceterum
1053 3389 1155 3452 verba
1176 3386 1314 3457 σπονδὰς
1333 3394 1365 3450 et
1410 3387 1412 3391 ’

142 3497 304 3579 ξυνθήκας
327 3495 368 3559 ad
392 3495 585 3558 sententiam
612 3495 693 3558 nihil
715 3496 800 3559 inter
822 3513 858 3560 sc
883 3494 1044 3560 differunt.

231 3602 291 3680 44,
322 3603 338 3665 1
368 3601 504 3665 verbum
537 3602 854 3685 ἐπικηρυκευσαμένων
886 3603 1071 3682 genetivum
1095 3601 1283 3666 absolutum
1306 3603 1363 3666 im·

142 3710 358 3789 personaliter
379 3709 522 3788 positum
546 3727 619 3772 esse
643 3707 825 3773 rectissime
848 3709 961 3772 statuit
980 3707 1096 3784 Closs,
1123 3705 1164 3771 cf.
1191 3708 1266 3772 adn.
1291 3729 1382 3775 mea·

143 3817 183 3878 ad
207 3816 257 3892 ΙΙΙ,
285 3815 337 3892 82,
367 3816 400 3888 1;
432 3833 508 3878 nem
537 3815 565 3878 si
593 3821 699 3896 genet.
726 3815 854 3897 ἀνδρῶν
877 3816 919 3879 ad
943 3816 1261 3897 ἒπεκηροκευομέναιν
1283 3815 1362 3881 ref·

141 3923 263 3986 rendus
287 3927 384 3998 esset,
417 3921 505 3985 haud
529 3921 626 3986 dubie
651 3919 854 4000 antepositus
877 3919 1002 3998 fuisset,
1029 3941 1105 3985 oum
1127 3923 1277 4002 genetivo
1300 3929 1364 3986 τῶν

143 4027 368 4092 δυνατωτάτων
396 4027 472 4092 addi
501 4027 634 4092 minime
661 4045 799 4092 necesse
827 4033 923 4092 esset.
973 4027 1146 4093 Corrector
1169 4029 1273 4093 Vatia.
1299 4029 1363 4094 hoo

142 4151 203 4197 usu
234 4135 359 4198 rariore
391 4152 459 4197 non
491 4133 657 4198 intellecto
690 4135 989 4217 ἐπικηρυκευόμενοι
1016 4135 1192 4199 substituit.
1219 4171 1263 4180 -
1287 4134 1362 4198 Cor·

141 4247 303 4304 recturam
323 4240 524 4306 lenissimam
541 4243 647 4315 πεζῶν
667 4237 775 4326 (codd.
796 4239 918 4327 πεζῶι),
945 4260 1044 4322 quam
1062 4241 1228 4322 praecepit
1243 4225 1359 4316 Classss,

143 4348 308 4426 aspernari
341 4365 409 4410 non
441 4346 553 4411 debuit
577 4345 730 4412 Stahlius.
779 4346 950 4411 Diversum
981 4348 1137 4412 mendum
1163 4344 1247 4410 inira
1271 4343 1305 4431 (ξ
1327 4341 1360 4430 2)

143 4454 370 4535 corrigendum
390 4459 450 4529 est,
476 4452 533 4516 ubi
552 4454 648 4518 codd.
669 4453 752 4536 πρὸσ
769 4453 825 4536 τὴν
842 4454 863 4517 i.
886 4471 915 4518 e.
935 4455 1065 4537 πρώτην
1083 4452 1247 4528 exhibent,
1274 4453 1363 4532 quod

141 4562 248 4644 πρώτη
283 4577 356 4624 εεεε
389 4559 500 4631 debet;
535 4560 568 4622 in
597 4561 701 4624 Vatic.
737 4566 925 4624 correctura
955 4565 1082 4642 πρῶτον
1114 4560 1271 4638 scriptum
1300 4565 1359 4636 est,
