3262 5052
739 343 801 406 107

159 547 193 604 γε
216 524 357 604 scripsit,
389 524 447 587 sed
471 521 609 598 facilius,
641 521 767 601 opinor,
797 545 832 603 γε
855 539 896 584 ex
919 522 1032 601 partic.
1059 520 1143 602 γὰρ,
1177 537 1275 600 quam
1299 537 1385 582 unus

158 630 231 692 cod.
268 629 463 694 deterrimus
494 628 635 704 exhibet,
671 628 748 691 oriri
780 628 896 707 potuit.
923 663 966 674 -
989 625 1075 691 Infra
1105 625 1138 712 (ξ
1161 625 1194 712 4)
1224 625 1325 690 verba
1352 626 1385 689 in

157 737 254 800 codd.
280 737 414 800 tradita:
440 736 539 800 καίτοι
561 735 615 807 τὰς
638 735 751 816 ὁμοίας
773 735 922 816 χάριτας.
938 783 945 797 .
961 735 1015 805 ‚a
1038 735 1161 798 ἀδικίαν
1180 733 1215 797 δὲ
1233 732 1384 796 ἀποὺιόο-

154 846 256 924 μένας
282 845 372 908 hunc
399 841 467 907 fere
495 860 629 907 sensum
653 841 790 905 babent:
819 857 950 923 parem
970 838 1129 924 gratiam
1153 858 1222 904 non
1247 833 1386 924 referre

156 948 372 1032 turpiuscst
403 968 510 1034 quam
539 945 698 1032 gratiam
730 965 809 1012 cum
838 943 970 1012 iniuria
993 965 1064 1011 non
1088 941 1235 1032 referre.
1284 947 1385 1010 Recte

154 1056 343 1138 theogerus
368 1054 456 1142 (curn
480 1056 597 1132 schol,
625 1055 680 1136 qui
703 1055 797 1121 λείπει
819 1055 839 1137 ἡ
864 1056 906 1118 οὑ
930 1054 1078 1132 adnotat,
1105 1060 1139 1119 et
1162 1051 1269 1137 Valla)
1293 1052 1382 1128 vidit,

155 1165 414 1230 diversissimam
438 1163 632 1227 sententiam
657 1161 793 1242 requiri:
820 1178 950 1243 parem
971 1159 1130 1245 qratiam
1154 1179 1225 1240 non
1248 1154 1386 1244 referre

156 1269 275 1335 minus
296 1274 395 1354 mrpe
412 1272 464 1334 est
481 1287 588 1353 qaam
603 1265 762 1351 prodam
782 1264 948 1334 iniustam
967 1264 1115 1352 referre,
1142 1269 1227 1332 etin
1246 1265 1386 1331 eandem

154 1379 356 1442 sententiam
380 1376 534 1457 Campius
569 1373 735 1460 (conjecti.
766 1394 797 1454 p.
826 1371 879 1458 17)
912 1376 1011 1438 καίτοι
1044 1375 1086 1438 οὑ
1118 1374 1157 1437 τὸ
1188 1373 1243 1444 τὰς
1274 1373 1387 1454 ὁμοίας

154 1486 238 1567 χείρ’
262 1485 325 1548 κτλ.
358 1483 514 1559 coniecit;
548 1484 658 1563 inepte
691 1481 778 1546 enim
807 1477 930 1564 pratia
962 1499 1033 1545 non
1066 1477 1179 1546 relata
1206 1489 1238 1545 et
1265 1475 1386 1563 prolia

157 1608 240 1656 cum
272 1588 405 1656 iniuria
437 1609 508 1655 non
541 1586 654 1654 relata
685 1589 771 1653 inter
799 1607 835 1654 se
864 1594 1084 1670 opponuntur.
1133 1587 1200 1654 Sed
1222 1585 1387 1651 suffecerit

156 1695 299 1763 fortasse
330 1697 351 1782 ᾖ
384 1716 443 1778 pro
476 1700 496 1780 ἢ
529 1696 688 1772 scribere,
727 1713 795 1776 quo
832 1693 919 1760 facto
957 1696 1040 1761 haec
1073 1695 1235 1762 sententia
1267 1694 1383 1758 oritur:

158 1802 353 1890 (verendum
376 1812 487 1870 tamen
510 1810 570 1880 est,
597 1823 638 1868 ne
661 1804 682 1866 i.
709 1801 752 1888 e.)
779 1799 828 1867 ita
852 1805 970 1870 tamen
987 1799 1105 1886 potius
1128 1821 1166 1867 sc
1188 1819 1246 1867 res
1270 1796 1383 1874 hahet,

160 1915 200 1976 ut
223 1910 409 1996 (beneficio)
426 1929 557 1995 parem
577 1907 746 1994 pralium,
773 1927 965 1993 quaecum
990 1907 1121 1974 iustitia
1144 1905 1284 1994 quidem
1308 1924 1385 1970 con·

159 2021 276 2083 tracto
311 2015 369 2094 sit,
409 2015 472 2083 sed
505 2035 583 2084 cam
616 2013 749 2083 iniuria
782 2011 965 2095 reddatur,
1005 2011 1145 2102 referre
1177 2013 1311 2098 turpius
1342 2009 1386 2076 sil

161 2120 272 2210 (quam
305 2127 442 2206 gratiam
474 2143 541 2190 non
573 2122 718 2210 referre).
768 2123 884 2188 Verbis
915 2123 970 2194 τὰς
1001 2124 1114 2206 ὁμοίας
1141 2125 1270 2206 χάριτας
1296 2125 1384 2184 ante-

159 2233 275 2312 positis
298 2250 374 2296 cum
398 2233 522 2296 maiore
547 2231 689 2312 quadam
712 2231 869 2312 gravilate
892 2231 934 2295 ad
957 2232 1027 2313 ῖοην
1043 2229 1099 2312 τὴν
1117 2231 1209 2319 χάριν
1229 2223 1382 2314 (§4in.)‚

162 2355 261 2418 quarn
285 2356 359 2404 sese
381 2339 545 2404 rettulisse
569 2337 803 2418 praedicabant
826 2337 1048 2412 Plataeenscs,
1074 2336 1258 2416 respicitur.
1378 2367 1387 2388 ·

250 2445 311 2518 64,
336 2446 365 2508 1.
405 2445 471 2508 ἀλλ’
496 2445 541 2508 ὅτι
566 2445 636 2508 οὐδ’
657 2444 828 2528 Ἀθηναῖοι,
852 2445 941 2526 ἡμεῖς
964 2443 999 2506 δὲ
1021 2442 1102 2527 κτλ]
1126 2444 1175 2507 sic
1200 2441 1384 2507 Stahliuse

161 2553 255 2615 codd.
274 2553 309 2615 B.
327 2553 362 2615 E.
380 2553 415 2616 F.
432 2551 474 2615 M.
491 2551 602 2626 edidit,
627 2569 703 2615 cum
722 2551 819 2616 codd.
840 2550 879 2614 A.
902 2549 937 2614 C.
959 2549 997 2614 G.
1023 2551 1112 2634 ὑμεῖς
1135 2550 1170 2614 ὑὲ
1192 2548 1381 2630 praebeant,

160 2677 243 2738 quae
268 2660 430 2739 scriptura
453 2677 495 2722 an
518 2657 734 2739 praeferenda
757 2660 798 2722 sit
821 2657 945 2722 dubito.
996 2657 1080 2721 Dicit
1106 2659 1162 2722 ille
1190 2657 1270 2720 nihil
1298 2673 1381 2730 esse,

159 2767 211 2830 cui
242 2767 332 2848 ὑμεῖς
363 2767 550 2847 oppositum
582 2765 633 2842 sit,
669 2767 727 2831 sed
760 2765 824 2829 hoc
851 2767 886 2828 in
913 2765 1076 2830 adiectivo
1104 2764 1193 2846 quod
1217 2761 1383 2844 praecedit

157 2872 249 2953 μόνοι
273 2869 332 2958 (sc.
348 2870 514 2958 Βοαντῶν)
540 2872 627 2948 latet,
654 2878 687 2935 et
710 2872 895 2937 subiectum
919 2872 993 2936 ideo
1016 2872 1119 2951 repeti
1143 2887 1280 2935 necesse
1301 2873 1380 2943 erat,

159 2979 235 3058 quia
248 2979 411 3062 Ἀθηναῖοι
433 2979 659 3059 interpositum
684 2984 763 3055 erat,
790 2997 831 3042 ne
855 2978 1060 3058 participium
1083 2977 1271 3060 βουλόμενοι
1289 2975 1331 3038 ad
1350 2975 1382 3037 id

157 3070 355 3156 vocabulum
378 3084 561 3150 referretur.
602 3085 711 3150 Verba
728 3093 791 3156 τοῖς
810 3086 844 3150 δὲ
863 3086 904 3150 de
924 3083 1056 3149 Graecis
1075 3083 1164 3146 dicte
1183 3101 1256 3148 esse
1274 3082 1383 3162 inepte

158 3193 325 3257 adnotavit
347 3193 556 3268 scholiastes;
582 3193 683 3256 immo
706 3193 903 3273 pronomina
923 3197 987 3261 τοῖς
1008 3191 1067 3272 μὲν
1080 3225 1122 3238 ·-
1142 3196 1205 3262 τοῖς
1229 3189 1263 3254 δὲ
1287 3184 1382 3268 (aliis

159 3335 201 3345 —-
215 3296 310 3386 aliis)
329 3300 480 3364 universe
499 3299 607 3380 posita
625 3299 836 3364 Plataeenses
854 3299 887 3362 in
907 3299 1005 3363 sociis
1023 3297 1180 3378 eligendis
1199 3296 1379 3371 hominum,

158 3423 222 3470 non
248 3423 423 3470 causarum
445 3407 608 3470 rationem
632 3407 788 3472 habuisse
812 3405 1005 3486 significant.
1054 3403 1207 3470 Ceterum
1235 3403 1326 3466 nulla
1347 3403 1382 3465 in

157 3529 191 3577 re
221 3513 323 3594 mam's
353 3531 452 3594 quam
483 3513 517 3576 in
546 3513 794 3593 pronominibus
821 3515 911 3596 ἡμεῖς
933 3519 966 3576 et
987 3513 1077 3594 ὑμεῖς
1099 3510 1322 3592 permutandis
1346 3509 1380 3572 li-

157 3618 282 3684 brarios
305 3621 496 3700 peccavisse
519 3621 598 3684 satis
621 3621 786 3686 constat.l

176 3955 180 3964 Ι
248 3884 370 3953 ¹Qualis
389 3891 431 3939 est
449 3887 524 3938 loeus
543 3887 561 3948 l,
581 3884 625 3955 33,
644 3887 673 3940 3:
697 3883 757 3945 σοὺς
775 3887 934 3953 Κορινθίους
947 3917 980 3926 -
993 3884 1290 3954 προκαταλαμβάνοντας
1313 3883 1382 3950 ἡμᾶς

156 3978 203 4026 νῦν
228 3973 255 4032 ἐς
283 3972 330 4041 τὴν
356 3974 483 4041 ὑμετέραν
509 3972 677 4042 ἐπιχείρησιν,
700 3975 742 4028 ἴνα
764 3974 802 4043 μὴ
821 4005 854 4016 -
869 3974 938 4044 μηδὲ
959 3977 1033 4028 δυοῖν
1056 3974 1158 4043 φθάσαι
1181 3971 1341 4043 ἁμάρτωσιν,
1364 3972 1380 4040 ἢ

157 4069 278 4114 κακῶσαι
297 4061 366 4130 ἡμᾶς
384 4063 400 4130 ἢ
420 4067 490 4130 σφᾶς
508 4061 603 4122 αὐτοὺς
620 4063 830 4132 βεβαιώσασθαι,
848 4067 896 4120 ubi
914 4065 1061 4134 particulas
1079 4063 1095 4131 ἢ
1111 4063 1176 4133 -ἢ
1195 4077 1245 4133 pro
1262 4062 1327 4130 μήτε
1347 4092 1379 4102 -·

156 4150 221 4218 μήτε
247 4151 351 4220 positas
379 4167 441 4206 esse
469 4152 575 4221 putavit
598 4151 767 4221 classenius,
789 4153 890 4222 quibus
911 4152 1113 4222 significaretur,
1137 4152 1292 4209 Corinthios
1310 4151 1380 4205 duas

157 4254 201 4292 res
223 4239 305 4294 simul
329 4239 425 4308 egisse,
449 4245 481 4294 ut
499 4244 526 4294 et
545 4240 714 4309 Corcyraeos
731 4240 812 4294 malis
831 4243 972 4297 afficerent
991 4245 1018 4296 et
1037 4259 1068 4296 se
1086 4241 1162 4310 ipsos
1180 4242 1379 4301 confirmarent,

159 4327 230 4397 quod
252 4327 288 4382 ad
310 4329 475 4384 sententiam
499 4329 567 4383 satis
585 4335 680 4398 aptum
699 4333 753 4393 est3
777 4329 828 4384 sed
845 4348 908 4386 cum
928 4330 989 4385 aliis
1007 4331 1075 4386 locis
1093 4331 1139 4399 (ci.
1158 4331 1250 4384 adnot.
1272 4327 1379 4394 Stahlii)

157 4419 214 4470 turn
234 4433 299 4471 vero
317 4418 377 4472 loco
396 4417 540 4487 Sophoclis
559 4419 610 4488 (El.
631 4417 700 4472 1319
719 4420 801 4488 sqq.):
826 4419 864 4478 ὡς
881 4417 935 4486 ἐγὼ
952 4420 1020 4486 μόνη
1039 4419 1090 4472 οὐκ
1109 4418 1142 4471 ἂν
1159 4420 1233 4471 δυοῖν
1249 4418 1378 4484 ἥμαρτον·

157 4503 174 4572 ἢ
200 4505 250 4573 γὰρ
277 4505 309 4558 ἂν
335 4507 425 4565 καλῶς
452 4506 528 4560 ἔσωᾶ
557 4506 672 4575 ἐμαυτὴν
694 4506 711 4575 ἢ
735 4507 825 4566 καλῶς
847 4507 991 4574 ἀπωλόμην
1013 4507 1071 4562 veri
1093 4509 1180 4562 multo
1203 4506 1318 4560 similius
1341 4507 1378 4570 fit,

158 4595 265 4662 particc.
284 4594 300 4663 ἢ
316 4595 378 4664 -ἢ
398 4596 609 4651 disiunctionem
628 4597 788 4666 significare,
812 4601 954 4666 tamquam
978 4596 1001 4649 si
1025 4597 1099 4649 dvctv
1116 4595 1229 4662 ὑστέρου
1249 4597 1379 4666 scriptum
