3262 5052
703 336 765 401 113

125 513 283 595 ἀσφαλείᾳ,
308 531 393 594 quae
417 514 498 577 locis
523 514 545 590 Ι,
571 515 625 591 42,
651 515 688 590 4;
714 515 767 589 lV,
793 513 846 594 20,
868 515 889 578 4
913 533 1028 596 parum
1052 509 1243 591 defenditur,
1271 535 1347 580 cum
1457 511 1460 517 “

124 625 234 684 nostro
258 620 334 684 loco
354 620 512 700 particula
532 620 568 684 θὲ
585 621 776 700 interposita
796 640 904 686 sermo
924 622 1036 686 dudor
1049 622 1114 686 fiat.
1163 621 1346 704 Kruegerus

123 727 184 792 hac
211 745 247 790 re
275 727 438 790 adductus
464 751 510 809 σῳ
539 728 691 802 coniecit,
723 729 780 792 sed
809 729 917 793 medio
945 730 1226 812 ἐπιβουλεύσασθαι
1255 730 1345 794 notio
1373 712 1378 720 ⁸

123 829 320 897 insidiandi
340 833 450 898 inesse
473 834 526 896 vix
545 841 662 914 potest.
711 835 823 916 ltaque
843 835 950 915 potius
970 837 1130 916 scriptura
1148 836 1243 900 codd.
1266 837 1345 917 opti·

121 959 248 1004 morum
285 941 439 1022 ἀσφάλεια
473 947 603 1006 servata
635 959 653 1006 e
686 941 900 1007 deterioribus
932 943 1130 1022 quibusdam
1161 944 1346 1024 genetivum

120 1053 182 1110 τοῦ
214 1048 396 1127 receperim
429 1045 611 1133 (securitas,
648 1046 761 1113 cautio
794 1044 1016 1112 consultandi
1041 1050 1062 1112 i.
1088 1067 1117 1113 e.
1149 1049 1183 1112 in
1216 1050 1345 1114 cousul-

119 1154 218 1218 tando
243 1152 411 1238 adhibita).

208 1298 264 1337 —,
291 1259 322 1324 5.
362 1262 584 1344 ἐπιβουλεύσας
612 1262 647 1325 δέ
672 1285 716 1332 τις
741 1263 846 1344 τυχὼν
873 1262 997 1336 ξυνετὸς
1024 1262 1077 1326 καὶ
1103 1263 1283 1346 ὑπονοήσας
1305 1264 1346 1326 ἔτι

120 1367 311 1450 δεινότερος]
336 1365 479 1431 Stahlius
508 1374 581 1448 post
607 1368 713 1451 τυχὼν
741 1369 934 1448 particulam
961 1393 1001 1441 τε,
1029 1387 1127 1448 quam
1156 1368 1344 1452 Dionysium

121 1472 162 1558 (p.
190 1473 267 1558 889)
293 1493 369 1537 cum
393 1475 632 1554 vituperatione
657 1477 727 1538 οὔτε
750 1475 769 1538 ὁ
792 1474 886 1546 αὐτὸς
907 1476 1013 1558 τυχών
1034 1499 1066 1538 τε
1089 1475 1143 1538 καλ
1165 1477 1344 1558 ἐπιβουλεύ-

118 1603 175 1650 σας
197 1581 338 1644 νοεῖσθαι
361 1581 489 1644 θθναεαι
512 1581 724 1646 adnotantem
748 1582 865 1662 legisse
889 1582 1051 1662 opinatur,
1077 1581 1218 1662 pessime
1241 1584 1343 1648 incul-

119 1687 213 1758 cavit,
241 1705 317 1750 curn
338 1688 378 1751 de
399 1687 527 1752 duobus
546 1687 743 1763 hominibus
765 1689 869 1752 altero
889 1687 1026 1754 feliciter
1039 1688 1224 1766 insidiante,
1242 1689 1344 1754 altero

118 1793 252 1856 iusidias
286 1794 483 1874 suspicante,
520 1801 647 1876 agatur;
684 1795 734 1858 sin
761 1799 872 1858 autem
898 1819 930 1858 τε
958 1795 1093 1878 legatur,
1124 1797 1346 1878 ἐπιβουλεύσας

22 1919 23 1940 ³
120 1899 215 1963 etiam
239 1919 316 1963 cum
338 1901 520 1984 ὑπονοήσας
542 1901 742 1982 iungendum
766 1901 817 1964 sit.

204 2045 260 2082 —‚
288 2007 318 2070 7.
352 2009 389 2070 τά
421 2031 452 2070 ιε
485 2008 547 2072 ἀπὸ
579 2014 643 2072 τῶν
675 2009 823 2072 ἐναντίαιν
854 2009 962 2080 καλῶς
993 2009 1144 2091 λεγόμενα
1167 2009 1344 2092 ἐνεδέχοντο

120 2114 221 2194 ἔργων
247 2114 386 2196 φυλακῇ,
414 2115 443 2177 εῑ
466 2117 636 2198 προύχοιεν
661 2115 721 2198 -]
750 2133 890 2196 quorum
917 2116 993 2197 ἔργα
1021 2115 1239 2196 intellegenda
1267 2113 1341 2189 sint',

120 2219 268 2283 dubitant
292 2220 443 2284 editores.
493 2221 569 2284 Mihi
593 2222 725 2302 quidem
755 2221 923 2300 aptissime
951 2221 1158 2286 sermonibus
1186 2222 1344 2302 speciosis

120 2327 379 2390 adversariorum
413 2328 578 2408 diligentia
609 2328 644 2390 in
671 2327 857 2392 actionibus
885 2327 1032 2391 adhibita
1059 2327 1180 2408 opponi
1202 2329 1340 2402 videtur,

120 2439 150 2496 et
174 2433 225 2505 Vl,
252 2433 307 2509 40,
333 2434 353 2496 2
387 2435 536 2499 similiter
566 2435 601 2498 τὸ
634 2437 719 2518 ἔργῳ
741 2435 957 2516 φυλάσσεσθαι
982 2434 1108 2498 notioni
1133 2439 1188 2497 τοῦ
1217 2435 1344 2498 ἀκούειν

119 2541 302 2620 oppositum
326 2549 374 2604 est
401 2538 469 2625 (cfr.
497 2541 547 2617 III,
573 2542 627 2616 46,
653 2542 689 2604 4:
716 2541 779 2604 ἀπὸ
801 2546 866 2605 τῶν
888 2542 992 2622 ἔργων
1013 2547 1068 2623 τῆς
1087 2541 1267 2622 ἐπιμελείας,
1287 2541 1343 2604 ubi

118 2648 285 2726 genetivus
300 2647 540 2723 coniunctivus
567 2665 634 2712 nou
650 2647 833 2712 obiectivus
848 2645 920 2733 est).
961 2647 1055 2726 Quod
1071 2648 1098 2710 si
1111 2647 1156 2710 ita
1171 2653 1230 2720 est,
1252 2647 1343 2710 verbi

117 2755 284 2836 προύχοιεν
294 2753 478 2818 subiectum
489 2756 519 2817 oi
528 2793 570 2800 --
581 2754 787 2836 ἐνδεχόμενοι,
798 2775 866 2819 non
880 2755 911 2819 οἱ
924 2755 1052 2818 ἓνανιίοι
1067 2771 1141 2818 esse
1154 2753 1222 2816 veri
1238 2753 1342 2817 simile

119 2865 179 2936 est;
206 2861 264 2924 sed
289 2857 426 2924 fortasse
442 2860 650 2942 Thucydides
674 2861 703 2924 εἰ
721 2861 898 2944 πρόσγεια
921 2859 1065 2940 scripsit:
1093 2857 1215 2944 (animo
1230 2877 1343 2924 secum

118 2965 308 3050 cogitantes)
338 2963 370 3030 si
395 2965 592 3050 superiores
622 2964 697 3050 ipsi-
709 2962 794 3052 fieri
809 2970 955 3050 possent
978 2964 1031 3051 (cl.
1058 2967 1110 3041 IV,
1136 2964 1194 3030 58:
1225 2967 1256 3029 εἴ
1272 2990 1343 3036 πως

117 3073 344 3154 ξυναλλαγεῖεν;
373 3074 408 3149 V,
427 3073 480 3149 37,
497 3076 533 3138 2:
550 3076 660 3144 εἴπαις
675 3123 681 3136 .
698 3123 704 3136 .
719 3071 877 3159 γένοιντο).
896 3073 1136 3138 —Verborum
1156 3090 1240 3152 quae
1259 3070 1342 3136 inira

117 3185 312 3260 sequuntur:
343 3181 423 3262 ῥᾷον
456 3181 486 3244 d’
517 3183 548 3244 ολ
574 3180 683 3244 πολλοὶ
710 3186 884 3262 κακοῦργοι
908 3181 994 3250 ὄντες
1018 3179 1112 3253 δεξιοὶ
1134 3179 1341 3261 κέκληνταιῆ

116 3285 249 3366 ἀμαθεῖς
267 3287 385 3366 ἀγαθοὶ
406 3287 602 3352 sententiam
622 3303 689 3350 non
708 3285 822 3350 dubito
841 3285 921 3366 quin
936 3285 1120 3368 Kruegerus
1137 3283 1190 3371 (ad
1206 3284 1338 3367 Dionys.

116 3409 145 3470 p.
171 3390 248 3478 893)
275 3393 323 3456 sic
346 3394 563 3473 interpretans
587 3400 676 3458 recta
695 3393 874 3473 acceperit:
904 3392 1039 3474 «vulgus
1059 3391 1183 3456 facilius
1199 3390 1341 3455 nefarios

118 3499 252 3563 callidos
285 3517 321 3562 se
354 3500 417 3564 dici
450 3501 617 3580 patiuntur
645 3518 743 3580 quam
771 3498 878 3564 bonos
907 3500 1105 3580 simplices»,
1137 3515 1198 3562 nec
1222 3515 1341 3578 magno

117 3622 212 3684 opere
236 3605 338 3670 verbo
362 3606 526 3688 κέκληνται
549 3623 626 3669 cum
648 3607 820 3687 participio
843 3607 956 3670 iuncto
981 3605 1144 3682 offend0r3
1171 3605 1228 3668 sed
1248 3605 1338 3677 illud,

117 3713 240 3791 opinor,
277 3711 395 3788 obstat,
432 3713 520 3792 quod
553 3719 686 3792 propter
717 3713 893 3778 verborum
922 3713 1175 3778 collocationem
1203 3711 1260 3774 illa
1283 3736 1341 3774 κα-

116 3821 245 3900 κοῦργοι
264 3819 350 3888 ὄντες
369 3819 599 3882 condicionem
615 3837 682 3882 nou
698 3821 867 3884 continere
881 3821 935 3882 vix
950 3821 1015 3884 dici
1030 3824 1178 3901 possunt.
1228 3818 1341 3898 ltaque

117 3925 222 4002 potius
255 3925 345 3988 notio
378 3931 552 4007 κακοῦργοι
585 3926 627 3988 ad
660 3944 781 3990 nomen
815 3927 909 3998 θεξιοὶ
937 3925 1134 4008 cogitatione
1163 3925 1343 4004 repetenda

118 4037 174 4106 est,
200 4049 267 4111 quo
292 4029 378 4095 lacto
407 4049 524 4096 sensus
552 4032 639 4096 idem
667 4031 792 4097 evadit:
827 4027 988 4098 libentius
1021 4033 1137 4104 autern
1170 4025 1339 4108 homines,

83 4161 84 4166 ¹
117 4133 147 4198 si
172 4132 307 4221 offarii
332 4141 421 4214 sunt,
453 4134 587 4222 cesarii
615 4135 734 4202 collidi
760 4156 867 4220 quom
896 4136 1049 4220 imperiti
1077 4133 1159 4204 boni
1182 4135 1339 4202 audiunt.

207 4281 257 4317 --,
285 4244 315 4307 8.
354 4245 482 4308 πάντων
506 4245 645 4308 ὃάὐτῶν
667 4248 763 4308 αἴτιον
786 4244 867 4326 ἀρχὴ
892 4246 911 4326 ἡ
937 4246 988 4309 διὰ
1011 4246 1191 4319 πλεονεξίαν
1214 4245 1267 4307 καὶ
1289 4267 1341 4324 φι-

118 4349 271 4434 λοτιμίαν]
296 4352 418 4430 optimo
442 4353 512 4415 iure
533 4351 711 4433 Madvigius
737 4348 823 4436 (adv.
850 4353 920 4414 crit:
948 4351 960 4414 l
985 4373 1016 4434 p.
1038 4351 1116 4436 317)
1141 4351 1238 4412 αἴτιον
1256 4349 1341 4413 dele-

118 4456 200 4521 visse
232 4457 370 4533 videtur,
407 4475 483 4521 cum
515 4475 623 4539 neque
654 4457 749 4522 facile
777 4456 977 4522 vocabulum
1001 4456 1083 4540 ἀρχὴ
1109 4473 1167 4537 pro
1191 4444 1353 4538 ἐπιθυμία

117 4569 168 4625 τοῦ
189 4564 362 4646 βούλεσθαι
385 4565 499 4648 ἄρχειν,
525 4565 613 4646 quod
637 4565 706 4628 vult
734 4561 940 4638 scholiastes
972 4566 1097 4630 dictum
1124 4579 1198 4627 esse
1228 4563 1340 4644 possit,
1453 4643 1458 4657 .

347 4689 349 4694 '
1113 4686 1130 4740 8
