3262 5052
758 323 821 388 169

181 541 221 552 -
234 506 286 568 καὶ
308 506 344 568 ἐκ
367 505 497 586 λοκρῶν
520 503 604 568 C-
618 503 672 565 καὶ
694 501 812 566 σικελοὶ
835 500 889 564 καὶ
912 499 994 564 C-
1009 501 1049 584 λᾷ
1072 520 1137 566 om.
1160 500 1184 565 C
1202 539 1241 548 -
1257 503 1364 566 λακον.
1379 503 1404 568 C

181 649 220 658 -
241 611 274 675 δέ
297 609 382 675 C-
396 609 651 693 ἡγησονὸρίόρος
673 610 722 691 ἠγ.
747 606 831 672 C-
845 608 959 670 -ώνιον
982 606 1017 685 C,
1043 609 1172 672 -ωνείαν
1195 607 1221 671 Β
1236 645 1277 654 -
1293 608 1314 673 3
1338 610 1405 674 ὀισ-

180 736 348 870 βόλίμόνον
373 784 428 863 C²,
453 786 637 870 διοβόλιμσν
660 787 697 849 ὃν
720 785 807 847 Β-
827 786 935 868 έξειργ.
959 785 1012 848 καλ
1036 784 1061 850 C
1081 823 1123 832 -
1141 791 1197 849 τοῦ
1221 804 1285 849 om.
1313 785 1338 850 C
1362 823 1402 832 -

176 893 361 960 owB

266 1000 327 1066 92.
375 1001 448 1082 ἔχον
478 998 561 1062 ε’σόὸ.
590 999 682 1062 έπεισ.
707 997 731 1063 C
756 1035 799 1044 -
823 999 915 1062 έπεισ.
940 998 965 1060 Β
990 1036 1026 1044 -
1055 999 1286 1082 ἐξειργασμένοι
1314 999 1406 1061 Β-

177 1107 197 1171 2
220 1107 373 1171 ἀπελθὼν
396 1104 421 1169 C
446 1111 479 1170 et
501 1105 585 1167 B-
604 1106 672 1169 οὐδ.
697 1105 900 1176 κελεύσαντος
923 1105 1079 1187 ὀνόματος
1101 1129 1124 1167 ε.
1149 1103 1233 1168 C-
1247 1105 1342 1189 εῑὸηει
1367 1103 1402 1182 C,

178 1215 242 1297 ὀέϊη
267 1213 356 1276 B-
376 1213 428 1294 ὀμ.
451 1213 548 1293 ἥεσαν
572 1210 597 1275 C
620 1248 665 1258 —
687 1211 708 1275 3
731 1212 798 1282 λᾶις
821 1211 857 1286 Β,
882 1211 917 1274 in
942 1230 1003 1292 mg.
1030 1211 1272 1294 λοκεὸαιμσνίος
1296 1207 1341 1276 C'
1362 1249 1406 1258 -

176 1321 291 1404 ὁρμησ.
307 1318 332 1383 C
347 1355 391 1366 -
404 1318 513 1381 κοταό.
539 1316 563 1380 C
588 1323 620 1382 et
645 1315 714 1402 (per
738 1314 860 1403 comp.)
886 1316 911 1379 B
927 1355 968 1364 -
984 1318 1033 1381 ἐπὶ
1055 1319 1121 1400 εὔβ.
1136 1317 1162 1379 Β
1178 1318 1256 1380 -4
1281 1319 1363 1388 -νίας
1380 1317 1404 1382 C

177 1427 255 1489 -ὁ
279 1427 329 1508 ἀρ.
355 1424 380 1486 Β
400 1460 441 1470 -
461 1423 609 1506 φυλακὴν
633 1423 658 1486 Β
679 1460 720 1468 -
739 1425 863 1506 ἑτέρους
887 1422 912 1488 C
931 1425 1179 1506 -τεταγμένον
1203 1423 1285 1486 Β-
1301 1423 1406 1505 εἷρξαν

177 1531 203 1597 C
227 1538 260 1597 et
283 1531 309 1593 B
334 1568 376 1576 -—
400 1529 420 1594 5
449 1531 516 1612 ἅμα
545 1531 649 1600 οίποῖς
672 1529 697 1594 C
722 1567 767 1576 -
789 1553 899 1612 ερμων
922 1529 947 1594 C
973 1568 1010 1576 -
1037 1536 1101 1594 τῶν
1123 1553 1225 1613 περιπ.
1248 1554 1292 1600 τις
1315 1528 1340 1594 C
1363 1567 1404 1576 -

177 1639 330 1721 μοιιυχίας
355 1635 438 1700 C-
452 1637 562 1720 ἀρχῶν
586 1634 611 1699 C
626 1673 670 1682 -
687 1636 722 1700 τὸ
745 1637 869 1719 πλῆθος
893 1637 918 1699 Β
932 1675 975 1684 -
990 1644 1084 1702 ταῦτα
1109 1635 1134 1702 C
1159 1641 1191 1701 et
1214 1635 1239 1698 Β
1257 1673 1297 1682 -
1313 1637 1404 1720 ἐβου-

177 1745 281 1808 λεύετο
301 1742 326 1808 C
343 1743 420 1807 -6
445 1744 474 1807 δ’
500 1743 542 1806 έσ.
567 1742 695 1806 Β-δ’
720 1743 753 1806 έν
777 1742 959 1808 Β-πλεῖν
983 1745 1017 1808 in
1040 1745 1086 1808 lit.
1115 1743 1295 1806 Β-τοῦτ’
1322 1743 1405 1806 Β·-

178 1852 216 1914 έτ.
240 1851 290 1914 bis
316 1848 341 1914 C
365 1855 396 1914 et
421 1850 506 1913 B-
528 1849 558 1912 δ’
584 1850 636 1912 ἀπ.
662 1848 686 1911 Β
707 1886 749 1894 -
767 1850 829 1932 ἔφη
854 1857 928 1930 post
951 1850 1027 1914 εἶναι
1050 1851 1083 1914 in
1107 1869 1171 1932 mg.
1198 1851 1272 1914 add.
1300 1847 1346 1914 C²
1363 1887 1405 1895 -

179 1957 260 2028 ὅστις
284 1955 309 2020 C
329 1993 373 2002 -
391 1957 586 2038 ὁμογνώμον
609 1955 691 2017 B-
706 1957 749 2026 είς
773 1956 798 2019 Β
815 1993 855 2002 -
876 1956 895 2018 7
920 1958 1153 2040 ξυνειλεγμένον
1176 1957 1201 2020 Β
1218 1957 1298 2017 -τ’
1325 1956 1357 2018 έν
1382 1955 1406 2018 Β

181 2101 219 2108 -
245 2065 354 2133 ἄστεος
377 2061 402 2124 Β
426 2069 459 2127 et
482 2081 500 2126 e
524 2080 607 2125 corr.
636 2059 682 2126 (Ζ2
701 2100 743 2108 -
762 2064 823 2126 οὐκ
848 2061 873 2126 C
898 2100 939 2107 —
965 2063 985 2126 8
1007 2063 1100 2146 μόγις
1123 2062 1148 2127 C
1172 2069 1203 2127 et
1228 2062 1253 2125 B
1278 2099 1319 2106 --
1343 2067 1407 2126 τῶν

179 2172 287 2253 πρεσβ.
312 2169 337 2232 Β
354 2205 389 2214 -
411 2158 542 2238 ἕκαστος
565 2166 649 2231 C-
663 2169 768 2252 ἐηνεὸρ.
793 2168 884 2252 ἐγγὺς
906 2175 970 2232 τῶν
993 2169 1018 2234 C
1035 2207 1076 2216 -
1092 2169 1112 2232 9
1136 2169 1212 2232 ὅσον
1235 2167 1298 2232 ἀπὸ
1322 2166 1347 2232 C
1365 2204 1405 2214 -

180 2277 209 2340 δ’
234 2277 284 2358 ἀρ.
309 2274 334 2337 Β
355 2313 395 2320 --
414 2275 529 2358 πλήθει
552 2272 578 2338 C
601 2280 634 2339 et
657 2274 682 2337 B
702 2313 744 2320 --
767 2275 808 2340 10
829 2276 986 2358 μετεμελλ.
1011 2273 1056 2342 C²
1076 2313 1119 2321 -
1138 2276 1252 2357 -μένην
1276 2272 1300 2338 C
1325 2281 1356 2339 et
1381 2273 1405 2336 Β

180 2420 221 2427 -
235 2382 289 2447 καὶ
313 2379 359 2444 εἰ*
383 2380 467 2445 C-
484 2381 522 2444 11
549 2380 639 2462 ὅμως
663 2399 703 2445 ex
727 2382 807 2463 ὅμος
831 2400 915 2446 corr.
943 2379 989 2445 (Ζ2
1004 2419 1045 2427 --
1061 2383 1126 2445 οὔτ’
1154 2381 1179 2443 Β

271 2558 332 2624 93.
376 2560 633 2641 τεθορυβημένον
652 2557 687 2636 C,
713 2506 879 2642 -βολίμενοι
899 2559 980 2621 Β-
997 2560 1072 2623 διον.
1095 2558 1131 2622 τὸ
1154 2559 1187 2623 έν
1209 2567 1255 2642 τῷ
1277 2566 1410 2642 πειροιεῖ

179 2667 316 2748 θέατρον
330 2665 355 2728 Β
370 2703 411 2710 -
427 2665 567 2735 ἕλκοντες
582 2663 607 2729 C
623 2702 665 2710 -
679 2665 798 2739 έξεκκλ.
817 2664 854 2742 Β,
880 2665 999 2739 έξεκκλ.
1022 2689 1053 2729 τε
1077 2664 1101 2729 C
1118 2701 1160 2710 -
1174 2667 1222 2729 ἔθ.
1246 2667 1287 2728 οὐ
1311 2667 1344 2728 έν
1367 2663 1403 2741 C,

179 2773 268 2854 quod
293 2773 327 2834 in
350 2771 397 2835 έθ.
421 2772 518 2834 αὐτοῦ
541 2772 574 2834 έν
598 2789 682 2835 corr.
710 2769 846 2834 C²-2
871 2772 917 2841 ὡς
940 2773 1050 2836 εἴόοιεν
1074 2771 1158 2836 C-
1172 2773 1357 2853 ἀποφοινεῖν
1381 2771 1405 2833 Β

179 2916 221 2925 -
238 2880 317 2949 τέως
341 2897 404 2942 0111.
432 2877 515 2940 B-
528 2877 584 2959 τὴν
607 2879 642 2942 δὲ
664 2903 696 2940 π.
720 2877 746 2940 Β
771 2915 810 2924 -
836 2879 978 2960 φθείρειν
1002 2879 1027 2941 Β
1048 2915 1089 2924 -
1109 2879 1152 2946 εἰς
1175 2876 1261 2938 Β-
1282 2875 1302 2939 3
1326 2877 1406 2939 ὥστε

180 2985 205 3049 Β
226 3022 268 3030 -
286 2991 341 3048 τοῦ
365 2985 511 3048 διονύσου
535 2983 560 3048 C

270 3090 331 3156 94.
376 3099 423 3173 τῷ
446 3091 593 3173 διονυσίῳ
618 3090 699 3153 Β-·-
715 3090 943 3172 ξυνειλεγμένοι
967 3088 991 3154 C
1011 3127 1048 3134 -
1063 3089 1134 3151 τέττ.
1159 3086 1184 3150 Β
1207 3125 1247 3133 -
1267 3089 1356 3170 ίγγησ.
1381 3086 1405 3151 C
1474 3159 1475 3164 ἵ

180 3236 224 3244 -
246 3197 373 3261 πολλῶν
401 3215 466 3261 om.
493 3195 528 3272 C,
560 3197 629 3260 ὁπλ.
658 3215 722 3260 om.
750 3196 785 3274 B,
814 3202 878 3260 τῶν
900 3220 932 3258 π.
957 3196 983 3259 ὁ.
1008 3195 1033 3258 Β
1057 3219 1104 3278 γρ.
1128 3232 1171 3240 -
1195 3194 1214 3257 2
1239 3195 1287 3277 ἡγ.
1313 3193 1348 3269 C,
1375 3201 1407 3258 et

180 3305 228 3368 sic
251 3301 335 3367 infra
358 3340 399 3348 -
423 3304 564 3384 primum
591 3303 645 3367 καὶ
669 3322 733 3369 om.
761 3303 785 3368 C
811 3341 853 3349 —
878 3303 912 3368 δέ
935 3301 1030 3368 αὐτὸν
1054 3302 1078 3368 C
1103 3308 1136 3366 et
1160 3302 1246 3365 Β-
1265 3301 1406 3381 πορόντα

180 3411 254 3474 add.
281 3407 418 3474 C²-3
443 3410 473 3473 δ’
499 3408 539 3472 οὗ
563 3408 588 3474 C
611 3427 691 3488 rec,
719 3413 749 3475 δ’
777 3411 893 3492 Β-ἡ
919 3410 982 3474 ἀπὸ
1007 3410 1032 3472 Β

271 3516 330 3581 95.
376 3517 533 3597 θουρίκου
552 3540 583 3578 τε
603 3514 638 3591 C,
665 3515 829 3599 θο*ρυκοῦ
847 3539 879 3578 τε
899 3517 924 3580 Β
939 3554 981 3563 -
996 3515 1171 3598 προστείων
1191 3512 1225 3585 C,
1247 3512 1408 3593 προσείων

182 3621 207 3684 Β
225 3659 268 3668 -
288 3622 307 3685 2
332 3647 424 3706 ·μασι
448 3620 473 3685 C
493 3659 536 3666 ·-
554 3622 640 3704 βουλ.
665 3625 698 3686 έν
720 3648 744 3684 τ.
769 3620 794 3685 C
812 3657 857 3666 -
875 3623 989 3705 βοῆσαι
1013 3622 1038 3684 Β
1056 3657 1093 3665 -
1111 3621 1206 3701 αὐτῆς
1229 3616 1254 3681 C
1269 3655 1308 3662 -
1327 3618 1406 3681 ἀπο-

180 3729 333 3811 κεκλεισμ.
358 3727 412 3805 (39,
437 3729 711 3809 ἀποκεκλειμένας
734 3728 822 3790 Β-
844 3730 1021 3812 πέμπουσιν
1045 3725 1070 3791 C
1096 3764 1138 3771 -
1161 3724 1343 3807 θυμόχαριν
1368 3723 1403 3800 C,

180 3835 371 3918 θυμοχάρην
395 3835 421 3898 Β
445 3873 487 3880 -
512 3836 576 3897 -ίον
601 3833 625 3898 C
648 3872 689 3881 -
708 3833 728 3899 3
752 3836 784 3905 ές
807 3836 934 3917 εὔβοτον
958 3834 1040 3897 Β-
1056 3833 1192 3915 ἀνήγαγε
1216 3830 1300 3895 C-
1315 3832 1407 3912 διέχει

181 3939 206 4004 C
222 3979 262 3986 -
278 3942 424 4024 έρετριῶν
447 3940 530 4003 Β-
544 3941 669 4004 dudda.
694 3940 720 4003 Β
742 3978 781 3985 --ν
800 3942 822 4004 4
846 3944 876 4004 οἱ
900 3942 934 4005 δὲ
958 3939 982 4004 C
998 3977 1040 3985 -
1055 3938 1132 4001 ἀλλὰ
1156 3936 1180 4000 C
1197 3975 1238 3982 -
1254 3939 1406 4019 ἐπέσχοτο

182 4045 206 4110 C
230 4055 262 4111 et
285 4047 375 4110 Β-
399 4048 507 4117 ἄστεος
530 4045 555 4111 C
579 4065 644 4110 ree.
672 4054 705 4110 et
728 4048 753 4111 B
777 4084 821 4093 -
844 4048 1054 4130 ἀναγκάσειαν
1078 4043 1103 4106 Β
1127 4043 1264 4114 -τοὺς
1288 4042 1312 4107 C
1336 4061 1401 4107 ree.

181 4153 345 4218 addidisse
369 4153 497 4216 videtur
510 4191 553 4198 —
568 4154 785 4235 ἐναγογέσθοι,
810 4154 940 4234 punctis
964 4153 1066 4216 altero
1088 4173 1109 4213 α
1129 4151 1353 4231 superpositiS,
1380 4149 1405 4210 B

181 4295 223 4304 -
239 4259 273 4322 δὲ
296 4261 401 4328 αὐτοῖς
424 4257 449 4322 C
466 4296 507 4302 —
521 4259 542 4323 5
564 4260 709 4342 τοιαύτην
733 4259 768 4336 C,
794 4284 849 4342 -ην
871 4261 905 4322 in
929 4259 974 4321 lit.
998 4257 1023 4320 B
1038 4294 1081 4302 -
1094 4256 1299 4338 παρασκευὴν
1323 4254 1347 4318 C
1363 4293 1406 4300 -

181 4365 369 4447 ἀναγόμενοι
393 4363 417 4428 C
437 4403 480 4410 -
499 4367 589 4429 ἔπειτ’
616 4364 704 4427 B-
722 4366 949 4446 ἐκτραπόμενοι
973 4363 998 4425 Β
1022 4400 1064 4408 -
1089 4363 1109 4426 6
1134 4386 1237 4426 -ουσιν
1260 4360 1285 4425 C
1312 4398 1364 4454 -n
1377 4364 1407 4425 οῖ

181 4468 205 4534 C
230 4478 262 4534 et
286 4471 311 4533 Β
330 4507 373 4516 -
392 4470 421 4532 δ’
447 4472 479 4541 ές
502 4472 528 4534 Β
548 4508 589 4517 -
609 4472 796 4551 ἐπιτείχισμα
821 4469 845 4532 C
866 4507 909 4516 -
928 4470 961 4532 έν
983 4476 1020 4552 τῇ
1045 4487 1109 4532 om.
1138 4469 1161 4531 Β
1182 4506 1226 4514 -
1247 4467 1404 4552 έρετρίαμ)
