3262 5052
847 309 910 374 116

270 489 355 552 inter
387 505 422 552 se
455 485 628 552 Siceliotas
661 492 693 550 et
726 488 825 552 sociis
858 486 1089 552 adiuvantibus
1121 483 1338 550 Athenienses
1371 480 1497 545 bellum

272 594 422 674 gessisse,
458 613 494 658 se
526 611 605 658 vero
637 611 678 658 ea
710 593 791 669 sola,
828 612 912 675 quae
945 594 986 659 ad
1018 591 1235 657 Athenienses
1268 593 1497 670 oppugnantes

272 700 323 764 vel
349 706 553 781 oppugnatos
577 700 770 780 pertineant.
805 706 1138 766 commemoraturum
1166 715 1249 772 esse,
1283 701 1319 760 ut
1351 695 1436 758 inter
1460 711 1498 758 se

273 825 340 870 non
364 807 462 870 modo
486 805 666 870 certamina
690 806 723 890 (a
743 807 778 871 bi
795 808 891 889 λόγου
909 809 1040 890 μάλιστα
1059 807 1130 879 ἄξια
1145 804 1212 886 —-),
1235 802 1293 868 sed
1312 802 1411 866 etiam
1426 819 1497 866 cer·

272 919 381 978 tantes
414 913 536 993 opponi
568 919 733 993 apparent.
782 913 891 978 Verba
920 931 1052 995 quoque
1080 913 1127 982 ὡς
1154 910 1295 979 ἑκάστοις
1317 909 1499 990 ξυνέβαινεν
1611 953 1612 1004 l

272 1023 326 1102 (ut
347 1013 535 1104 quibusque
558 1016 695 1084 occasio
717 1017 924 1104 contigerat)
948 1020 1128 1100 scripturae
1146 1018 1232 1080 ἄλλοι
1250 1015 1348 1096 paulo
1368 1015 1499 1094 aptiora

271 1144 344 1192 esse
377 1126 537 1190 videntur.
586 1125 765 1207 Madvigius
799 1125 885 1213 (adv.
916 1127 987 1190 crit.
1018 1125 1090 1205 l·p.
1121 1121 1198 1209 317)
1231 1123 1318 1186 ἄλλοι
1348 1121 1498 1186 retinens

271 1232 383 1313 partic.
418 1233 472 1296 καλ
504 1238 580 1296 ante
612 1232 700 1296 αὐτοὶ
727 1235 758 1296 ολ
783 1233 821 1296 Σ.
850 1234 990 1314 positam
1020 1232 1123 1297 deleri
1146 1230 1289 1302 censuim
1324 1228 1382 1292 sed
1415 1227 1498 1290 mihi

272 1339 404 1420 quidem
428 1357 536 1404 sermo
560 1340 607 1403 sic
631 1339 739 1402 minus
762 1339 847 1404 bene
865 1345 1015 1404 tornatus
1033 1338 1169 1413 videtur,
1196 1355 1272 1400 cnm
1287 1334 1499 1416 Thucydides

272 1445 381 1525 potius
404 1445 458 1508 καί
481 1447 511 1508 ολ
533 1446 619 1509 ἄλλοι
641 1445 826 1509 ausurum
849 1447 1015 1526 positums
1039 1443 1146 1510 fuerit.
1612 1515 1613 1530 .

362 1551 422 1630 ab,
449 1551 477 1614 1.
504 1553 648 1616 ἀκόντων
667 1551 890 1636 Ἀκαρνάνων]
915 1553 1008 1616 Laur.
1026 1551 1116 1615 solus
1135 1549 1279 1614 ἀκόντων
1296 1547 1498 1628 τῶνἌκαρ-
1612 1533 1613 1596 Ῠ

271 1659 377 1722 νάνων
409 1659 555 1728 exhibet.
595 1659 682 1738 quod
715 1659 938 1738 recipiendum
972 1666 1066 1738 puto,
1107 1675 1183 1722 cum
1213 1661 1278 1720 τῶν
1309 1659 1383 1735 post
1417 1677 1511 1717 των

273 1764 425 1831 facillime
457 1764 652 1828 intercidere
685 1766 841 1844 potuerit3
876 1766 1023 1830 similiter
1046 1765 1127 1836 Vlll,
1158 1763 1189 1839 3,
1222 1763 1238 1826 1
1270 1761 1373 1826 Vatia.
1404 1761 1499 1824 solus

272 1873 416 1936 ἀκόντων
452 1877 524 1935 τῶν
561 1869 731 1936 Θεσσαλῶν
762 1878 851 1936 recte
888 1872 1033 1954 praebet.
1096 1869 1160 1936 Sed
1194 1869 1325 1944 melius,
1365 1868 1495 1947 opinor.

273 1979 339 2052 Vll,
370 1979 423 2055 86,
454 1978 473 2042 2
502 1979 634 2050 ἄκοντος
661 1978 825 2043 Γυλίππου
859 1980 929 2044 sine
962 1979 1110 2052 articulo,
1147 1995 1245 2057 quem
1271 1974 1373 2040 Vatia.
1408 1974 1499 2038 idem

272 2086 362 2150 solus
386 2086 485 2161 addit,
511 2086 545 2148 in
570 2085 645 2150 edit.
673 2085 774 2167 Popp.
802 2085 947 2151 Stahlius
971 2087 1110 2166 scripsit.
1455 2100 1458 2108 ’

362 2193 422 2271 98,
445 2194 477 2256 4.
502 2199 643 2257 τοσοῦτοι
664 2193 723 2275 μὲν
745 2192 780 2255 τὸ
802 2193 926 2276 πλῆθος
948 2193 1002 2256 καί
1024 2193 1127 2275 ἡλικία
1149 2191 1169 2273 ἡ
1194 2188 1270 2271 αὐτὴ
1295 2185 1381 2252 οὗτοι
1398 2187 1499 2269 βέλτι-
1613 2183 1614 2246 ἦ

272 2323 336 2363 στου
360 2299 398 2382 δὴ
423 2299 601 2382 ἄνδρες-
625 2297 864 2382 διεφθάρησαν]
891 2300 1072 2364 rectissime
1101 2303 1177 2362 ante
1202 2293 1287 2359 οὗτοι
1309 2294 1498 2373 interpunc-

272 2406 395 2469 tionem
424 2406 555 2470 sustulit
578 2405 718 2470 Haasius
743 2404 881 2491 (lucubr.
908 2425 938 2486 p.
966 2404 1014 2492 7);
1050 2405 1107 2469 sed
1132 2404 1209 2485 quid
1233 2402 1286 2466 hic
1310 2401 1373 2466 sibi
1395 2399 1501 2464 verba

272 2512 374 2594 ἡλικία
401 2513 420 2594 ἡ
449 2513 536 2594 αὐτὴ,
570 2530 656 2593 quae
684 2513 764 2576 nihil
793 2512 881 2577 aliud
910 2531 1010 2593 quam
1037 2513 1185 2594 ὁμήλικες
1212 2509 1321 2573 valere
1345 2513 1497 2588 possunt,

272 2618 384 2690 velint,
419 2619 473 2681 vix
505 2618 717 2698 intellegitum
753 2637 829 2682 narn
854 2618 1042 2684 Classenius
1069 2637 1156 2684 «oou
1184 2611 1354 2700 pleicbem
1383 2607 1501 2697 (brbf
1614 2609 1615 2636 ³

273 2721 365 2807 bipart
389 2721 688 2806 Mortuos-Mlier»
724 2725 941 2806 interpretans
973 2726 1082 2790 verbis
1114 2725 1241 2788 traditis
1271 2723 1406 2786 nimiam
1430 2720 1500 2784 vim

272 2829 392 2894 tribuit.
442 2831 593 2895 Fortasse
617 2830 826 2913 Thucydides
855 2831 998 2911 scripsit:
1029 2833 1131 2915 ἡλικία
1159 2833 1179 2914 ἠ
1206 2832 1334 2913 πρώτη
1360 2823 1499 2913 laetatis

268 2934 608 3021 praestantissimo-e,
639 2936 679 3001 cl.
706 2937 759 3013 lV,
786 2936 839 3013 95,
865 2934 915 3023 3);
950 2935 1007 3001 cfr.
1035 2939 1088 3014 Vl,
1113 2938 1167 3015 55,
1194 2939 1225 3015 2,
1256 2937 1312 3001 ubi
1335 2953 1394 3017 pro
1418 2935 1499 3016 αὐτῇ

274 3045 308 3107 in
333 3043 486 3107 omnibus
510 3043 605 3108 codd.
627 3045 736 3127 πρώτῃ
763 3044 855 3128 (α’τῃ)
880 3045 1119 3124 scriptumest,
1145 3052 1178 3110 et
1201 3043 1385 3110 emendatio
1409 3041 1496 3104 Plut.

274 3150 368 3215 Rom.
394 3151 415 3213 4
439 3168 459 3214 a
482 3151 666 3215 Wilamow.
693 3149 780 3216 iacta
805 3147 966 3236 (Momms.
993 3152 1085 3216 Rom.
1111 3153 1246 3216 Forsch.
1272 3151 1303 3214 2.
1331 3146 1450 3234 p.13).

368 3255 449 3335 103,
480 3257 508 3320 l.
544 3259 574 3321 oi
597 3259 663 3322 δ’ἒν
685 3265 723 3341 τῇ
745 3258 874 3340 Σικελίᾳ
892 3259 1055 3342 Ἀθηναῖοι
1080 3297 1118 3304 -
1144 3256 1345 3340 ἐπελθόντες]
1376 3255 1496 3335 Krueg.

273 3371 307 3428 et
327 3363 430 3428 Class.
457 3364 663 3444 participium
688 3383 762 3428 cum
787 3365 895 3430 verbis
918 3366 967 3428 ἐπ’
987 3365 1131 3449 Ἴνησσον
1153 3366 1300 3446 iungunt,
1327 3362 1415 3444 quod
1440 3381 1500 3442 per

275 3471 408 3552 longum
436 3471 610 3534 verborum
638 3472 846 3536 intervallum
869 3471 938 3536 lieri
960 3473 1014 3534 vix
1038 3472 1124 3536 licet.
1174 3472 1288 3536 Potius
1311 3469 1500 3544 ἐξελθόντες

278 3572 455 3662 (profecti,
482 3576 522 3641 cf.
549 3577 588 3652 V,
615 3577 668 3652 54,
695 3577 727 3663 3)
753 3578 962 3642 scribendum
986 3584 1046 3642 est.

316 3675 318 3680 ¹
368 3683 449 3758 101,
481 3685 509 3748 l.
544 3685 576 3754 ἐς
598 3683 651 3748 τὸν
670 3685 887 3767 Ἀμντρακικὸν
910 3685 1048 3768 κόλπον]
1070 3685 1200 3757 κόλπον,
1232 3685 1320 3766 quod
1343 3683 1500 3750 exhibent

274 3790 370 3854 codd.
396 3790 434 3853 A.
462 3790 497 3855 C.
524 3791 575 3866 G„
611 3792 764 3854 omittunt
792 3791 886 3854 codd.
912 3790 947 3853 B.
974 3791 1009 3854 Ε.
1035 3791 1070 3855 F.
1096 3791 1151 3868 ht,
1186 3791 1272 3855 male
1300 3790 1498 3871 expunxisse

274 3897 402 3961 videtur
417 3896 576 3971 Stahlius;
601 3897 809 3979 Thucydides
832 3898 919 3961 enim
934 3898 1059 3962 lonium
1079 3899 1187 3962 sinum
1206 3898 1323 3973 solum,
1350 3898 1498 3961 omnium

273 4011 307 4068 et
326 4004 530 4068 notissimum
549 4011 581 4068 et
602 4005 809 4068 sermonibus
823 4004 993 4068 hominum
1008 4005 1334 4086 pervulgatissimum,
1356 4021 1498 4084 eumque

274 4129 339 4175 non
365 4129 494 4191 semper
518 4109 570 4195 (cf.
597 4111 723 4176 Betant.
749 4119 782 4175 et
804 4111 914 4175 adnot.
942 4109 1069 4197 Stahlii)
1099 4111 1262 4176 vocabulo
1285 4111 1407 4175 κόλιιου
1431 4129 1523 4174 11011Ι

274 4217 385 4282 addito
407 4216 461 4280 τὸν
479 4217 589 4281 Ἰόνιον
609 4218 794 4298 appellavit,
821 4225 949 4282 ceteros
968 4224 1078 4283 autem
1098 4220 1200 4294 sinus,
1225 4218 1279 4284 τὸν
1296 4216 1497 4300 Τυρσηνικὸν,

273 4324 327 4388 τὸν
346 4323 488 4397 Ἰασικὸν,
511 4324 565 4388 τὸν
587 4323 766 4408 Μηλιακὸν,
790 4325 873 4390 alios
897 4325 959 4388 nisi
982 4325 1078 4405 plene
1102 4344 1170 4389 non
1194 4325 1383 4400 nominavit,
1409 4326 1497 4390 hunc

274 4431 381 4510 ipsum
404 4419 635 4496 Ambracicum
660 4432 682 4508 Ι,
709 4432 762 4510 29,
790 4431 826 4505 3;
851 4431 905 4506 55,
934 4432 967 4509 1;
994 4432 1031 4510 ll,
1057 4432 1111 4511 68,
1137 4433 1173 4508 3;
1199 4433 1254 4509 tv,
1279 4433 1333 4498 49.
1355 4469 1397 4478 --
1418 4429 1441 4516 ξ
1465 4433 1494 4498 3.

274 4537 364 4608 ὅπως
390 4575 425 4582 —
453 4539 671 4612 ἐξαναστάντες
693 4537 778 4603 οὗτοι
801 4539 881 4602 κατὰ
904 4540 1008 4603 νώτων
1032 4539 1214 4624 γίγνωνται]
1241 4541 1322 4606 mire
1346 4540 1499 4606 scribitur
