3262 5052
841 269 904 331 144

259 445 377 524 posuit,
410 464 485 508 cum
517 447 559 509 ad
590 446 668 527 ὅπερ
699 445 974 526 «generaliorem»
1001 446 1167 526 quandam
1191 447 1360 509 notionem
1385 443 1491 529 (velut

255 549 397 635 πάσχειν)
431 551 629 616 audiendam
662 569 735 615 esse
769 557 906 631 putaret.
956 553 1124 633 Nusquam
1158 552 1244 615 enim
1278 551 1490 632 Thucydides

256 657 392 721 verbum
415 658 514 739 φιλεῖν
536 658 697 722 infinitivo
722 677 789 722 non
813 658 923 722 addito
949 659 1116 738 usurpavit
1141 655 1193 743 (cf.
1222 657 1381 742 Betant.);
1409 676 1490 721 nam

256 765 312 844 qui
337 764 430 828 locus
452 761 531 848 (Vll,
554 765 606 840 80,
633 763 665 848 3)
691 763 833 841 affertur,
859 766 887 829 is
909 763 1097 828 facillimam
1118 765 1371 845 explicationem
1387 764 1488 828 habe-

258 871 314 944 bit,
350 871 377 933 si
410 871 477 934 οἷον
512 889 571 950 pro
605 871 651 941 ὡς
683 871 825 950 positum
858 889 931 936 esse
966 869 1019 956 (cf.
1052 871 1116 945 Vll,
1143 869 1197 947 25,
1228 868 1260 956 8)
1290 876 1485 938 statuemus.

256 977 368 1057 ltaque
396 983 508 1040 noster
535 976 629 1041 locus
654 977 762 1056 potius
786 996 804 1041 e
828 977 1040 1040 similitudine
1063 977 1129 1040 loci
1155 977 1205 1050 Vl,
1232 977 1285 1051 33,
1312 976 1332 1040 6
1360 977 1487 1042 intelle-

255 1083 380 1162 gendus
404 1088 464 1158 est,
490 1090 525 1146 ut
549 1084 675 1147 notioni
699 1084 872 1148 universae
896 1083 1124 1163 specialiorem
1148 1101 1216 1146 non
1239 1083 1394 1157 additam,
1427 1084 1487 1146 sed

256 1189 464 1266 substitutam
489 1207 562 1252 esse
587 1195 748 1268 putemus.
797 1189 845 1252 Ad
872 1191 1065 1254 sententiam
1091 1195 1180 1253 certe
1204 1189 1284 1251 nihil
1308 1186 1415 1253 refert.

350 1295 432 1373 126,
457 1295 488 1358 2.
515 1331 556 1340 -—
581 1296 646 1375 οἵγε
673 1296 757 1378 μηδὲ
788 1296 852 1359 ἀπὸ
884 1297 1045 1360 πολιτειῶν
1075 1296 1226 1358 τοιούτων
1249 1296 1347 1377 ἥκετε,
1375 1296 1409 1358 ἐν
1438 1295 1489 1366 αἷς

255 1403 294 1465 οὐ
323 1402 431 1464 πολλοὶ
459 1401 573 1482 ὀλίγων
595 1402 753 1483 ἄρχουσιν,
783 1402 860 1464 ἀλλὰ
883 1403 1038 1466 πλειόνων
1059 1403 1179 1484 μᾶλλον
1203 1401 1372 1484 ἐλάσσους]
1396 1401 1487 1464 hune

256 1508 367 1570 locum
400 1508 446 1570 sic
480 1507 577 1587 vulgo
611 1507 786 1587 explicant,
822 1514 858 1570 ut
892 1509 933 1572 ad
965 1510 1115 1572 τοιούτων
1145 1527 1186 1572 ex
1215 1509 1254 1570 iis
1283 1524 1368 1587 quae
1393 1525 1486 1586 prae-

255 1615 377 1677 cedunt
408 1615 489 1678 ὥστε
519 1614 644 1696 πλῆθος
675 1615 880 1696 πεφοβῆσθαι
907 1616 1023 1696 ἑτέρων
1046 1616 1182 1678 audiant
1205 1620 1237 1678 et
1261 1614 1484 1678 enuntiatum:

255 1721 288 1782 ἐν
316 1720 365 1789 αῖς
392 1720 454 1783 κτλ.
485 1718 576 1803 (cum
601 1716 637 1782 in
661 1716 710 1783 eis
734 1718 811 1804 cet.)
841 1721 882 1784 ad
908 1722 1091 1785 notionem:
1129 1717 1252 1785 rurestris
1276 1715 1485 1796 ciuitatibus,

255 1843 340 1906 quae
363 1825 397 1888 in
419 1826 582 1890 πολιτειῶν
605 1826 715 1902 lateat,
741 1825 892 1890 referant.
934 1825 999 1891 Sed
1018 1834 1247 1907 praeterquam
1267 1826 1355 1906 quod
1371 1844 1485 1890 cumu-

256 1932 334 1996 latio
363 1932 605 1996 enuntiatorum
634 1933 816 1996 causalium
842 1934 919 2016 (οἵγε
942 1935 1004 1998 ιιτλ.
1029 1971 1071 1982 -
1095 1935 1128 1996 ἐν
1151 1933 1200 2002 οῖς
1222 1932 1298 2014 κτλ.)
1323 1925 1485 1996 molestis-

254 2040 337 2102 sima
356 2044 415 2113 est,
438 2045 526 2103 certe
549 2044 624 2102 τῶν
646 2039 815 2112 πολιτειῶν,
835 2047 870 2103 ut
888 2042 1038 2105 τοιούτων
1057 2040 1277 2120 praedicative
1297 2039 1483 2109 adderetur,

255 2147 333 2225 poni
353 2145 475 2209 debuit.
524 2146 626 2210 Recte
646 2147 743 2226 igitur
761 2145 957 2230 Stephanus,
976 2148 1200 2222 Heilmannus,
1222 2146 1276 2209 alii
1300 2145 1415 2225 partic.
1442 2147 1486 2209 οὐ

256 2259 493 2332 expunxerunt,
517 2252 610 2315 cuius
625 2252 796 2317 addendae
820 2272 893 2316 eam
918 2272 1051 2318 causam
1078 2251 1177 2316 fuisse
1202 2253 1361 2332 suspicor,
1394 2253 1483 2332 quod

256 2359 421 2423 incuriose
442 2359 560 2439 legenti
580 2360 712 2440 aliquid,
737 2361 790 2424 cui
809 2359 911 2423 verba
929 2360 1005 2423 ἀλλὰ
1023 2360 1178 2423 πλειόνων
1195 2359 1315 2441 μᾶλλον
1333 2359 1487 2429 ἐλάσσους

256 2471 509 2544 opponerentur,
545 2467 661 2530 deesse
694 2467 797 2529 videri
829 2472 972 2546 poterat;
1007 2485 1092 2547 quae
1124 2465 1265 2530 breviter
1293 2465 1486 2529 dictasunt

157 2563 162 2570 ⁸
255 2589 313 2650 pro
347 2571 412 2634 his:
448 2571 524 2634 ἀλλὰ
556 2572 714 2645 τοιούτων,
747 2573 780 2634 έν
812 2571 861 2642 αἷς
887 2572 1040 2636 πλειόνων
1063 2573 1125 2635 κτλ.
1152 2609 1193 2618 -
1218 2572 1253 2635 ln
1277 2571 1341 2636 fine
1365 2573 1484 2651 capitis
1581 2609 1584 2616 ·

255 2682 330 2755 post
366 2677 509 2740 ἄπωθεν
545 2696 695 2758 praepos.
736 2679 773 2742 ἒν
810 2676 948 2742 fortasse
985 2679 1114 2752 excidit,
1155 2697 1253 2759 quam
1293 2677 1352 2741 Dio
1386 2677 1480 2742 Cass.

257 2781 401 2859 XXXIX,
428 2781 482 2858 45,
508 2783 528 2846 2
560 2783 613 2863 (ἒν
644 2790 710 2854 ταῖς
742 2783 880 2853 ἀπειλαῖς
906 2789 970 2846 πᾶν
997 2783 1031 2846 τὸ
1059 2785 1200 2867 φοβερὸν
1224 2784 1275 2848 διὰ
1298 2791 1392 2866 κενῆς
1415 2785 1481 2847 ἔπι-

254 2890 446 2972 κομπσῦσιν)
469 2889 693 2971 Thucydidem
725 2888 868 2952 imitatus
897 2890 1014 2969 legisse
1037 2891 1180 2967 videtum
1216 2891 1355 2967 accedit,
1391 2892 1481 2971 quod

254 2995 320 3057 duo
344 2995 444 3058 dativi
469 2995 650 3075 displicent.
696 3029 699 3038 ·

348 3100 430 3174 127,
459 3102 490 3164 2.
525 3101 579 3164 καὶ
606 3101 653 3170 ὡς
675 3102 780 3172 αὐτοῖς
803 3103 887 3165 αἵτε
910 3103 1065 3184 ἐκδρομαὶ
1089 3139 1132 3148 -
1154 3103 1208 3166 καὶ
1231 3102 1325 3173 αὐτὸς
1348 3139 1392 3148 -
1415 3104 1480 3166 ἐπι-

254 3207 417 3287 κειμένους
438 3206 605 3290 ὑφίστατο]
635 3225 711 3270 cum
735 3227 827 3288 pron.
854 3210 959 3280 αὐτοῖς
981 3210 1028 3272 ita
1051 3210 1274 3290 praepositum
1298 3209 1348 3284 sit,
1379 3216 1415 3272 ut
1439 3210 1481 3273 ad

254 3317 427 3393 utrumque
452 3313 635 3377 membrum
659 3314 779 3394 pariter
802 3317 972 3395 pertineat,
1000 3314 1138 3380 fortasse
1161 3317 1383 3398 ἐπικειμένοις
1402 3317 1480 3380 scri·

254 3415 397 3482 bendum
421 3426 472 3484 est
496 3417 549 3506 (de
573 3421 683 3484 dativo
707 3419 748 3485 cf.
775 3441 805 3484 ν..
832 3441 860 3486 c.
887 3423 924 3498 ll,
951 3423 1004 3498 61,
1031 3423 1075 3507 4).

348 3526 430 3600 130,
454 3528 485 3589 4.
513 3563 556 3592 -,
580 3527 703 3598 καλῶς
735 3529 873 3592 ἀντεῖπεν
905 3529 1149 3599 ἐπισπασθένπος
1180 3552 1216 3591 τε
1247 3535 1284 3612 τῇ
1316 3530 1394 3611 χειρὶ
1423 3530 1478 3591 ὑπ’

255 3633 351 3695 αὐτοῦ
384 3634 438 3696 καλ
469 3632 726 3716 θορυβηθέντος]
759 3642 888 3714 praeter
916 3635 989 3699 cod.
1016 3635 1057 3698 M.
1086 3636 1180 3698 Laur.
1207 3653 1339 3715 quoque
1362 3637 1477 3716 partio.

252 3761 288 3800 τε
320 3739 460 3816 exhibet,
496 3759 581 3820 quae
610 3758 685 3803 curn
715 3738 867 3804 facillime
896 3749 972 3805 ante
999 3749 1036 3824 τῇ
1065 3741 1215 3805 excidere
1239 3743 1390 3820 potuerit,
1425 3743 1479 3805 vix

255 3845 436 3909 omittenda
473 3853 531 3910 est.
594 3846 629 3909 ln
667 3846 768 3909 verbo
802 3847 1043 3929 θορυβηθέντος
1075 3847 1269 3926 explicando
1302 3849 1480 3913 haeserunt

253 3952 461 4031 interpretes:
490 3953 583 4016 Valla
601 3949 830 4034 perturbatus
853 3953 958 4024 vertit,
985 3971 1070 4033 quae
1094 3954 1184 4017 notio
1209 3955 1391 4018 sententiae
1416 3955 1478 4018 loci

252 4075 368 4137 parum
391 4059 560 4133 convenit;
586 4058 662 4122 huic
686 4059 815 4138 quidem
836 4056 993 4122 satisfecit
1007 4059 1172 4124 Haackius
1193 4056 1338 4125 tumultu
1356 4067 1478 4124 eaorto

252 4164 478 4244 interpretans,
510 4165 568 4228 sed
596 4170 702 4245 genet.
728 4161 852 4246 singul.
879 4165 992 4244 partic.
1023 4165 1285 4245 impersonaliter
1311 4173 1386 4246 post
1413 4167 1477 4230 έπι-

253 4271 447 4342 σπασθέντος
479 4289 554 4335 οαω
588 4271 798 4351 ambiguitale
831 4274 965 4350 positus
985 4272 1037 4334 vix
1062 4272 1211 4336 excusari
1235 4278 1352 4352 potest.
1401 4273 1475 4336 For·

251 4382 340 4440 tasse
372 4377 527 4459 scriptum
556 4375 613 4442 fuit
638 4377 915 4460 θορνβηθέντων,
949 4395 1027 4442 cum
1061 4373 1184 4443 turbae
1205 4373 1334 4462 sactae
1366 4383 1479 4443 essent

254 4479 306 4564 (cf.
337 4483 379 4545 ad
407 4483 458 4558 lll,
486 4485 538 4560 82,
572 4486 605 4548 1:
640 4481 913 4570 πολεμουμένων),
949 4485 1038 4565 quod
1071 4491 1203 4564 propter
1234 4485 1478 4558 ἐπισπασθέντος
