<?xml version="1.0" encoding="UTF-8"?>
<!DOCTYPE html PUBLIC "-//W3C//DTD XHTML 1.0 Transitional//EN"
    "http://www.w3.org/TR/xhtml1/DTD/xhtml1-transitional.dtd">
<html xmlns="http://www.w3.org/1999/xhtml" xml:lang="en" lang="en">
 <head>
  <title>
</title>
<meta http-equiv="Content-Type" content="text/html;charset=utf-8" />
  <meta name='ocr-system' content='tesseract 3.04.00' />
  <meta name='ocr-capabilities' content='ocr_page ocr_carea ocr_par ocr_line ocrx_word'/>
</head>
<body>
  <div class='ocr_page' id='page_1' title='image "./commentariicrit00hudegoog_0020.png"; bbox 0 0 3244 5060; ppageno 0'>
   <div class='ocr_carea' id='block_1_1' title="bbox 749 323 768 384">
    <p class='ocr_par' dir='ltr' id='par_1_1' title="bbox 749 323 768 384">
     <span class='ocr_line' id='line_1_1' title="bbox 749 323 768 384; baseline 0 0"><span class='ocrx_word' id='word_1_1' title='bbox 749 323 768 384; x_wconf 85' lang='lat'><strong>7</strong></span> 
     </span>
    </p>
   </div>
   <div class='ocr_carea' id='block_1_2' title="bbox 147 487 1419 1950">
    <p class='ocr_par' dir='ltr' id='par_1_2' title="bbox 147 487 1419 1950">
     <span class='ocr_line' id='line_1_2' title="bbox 156 487 1419 578; baseline 0.006 -28"><span class='ocrx_word' id='word_1_2' title='bbox 156 487 216 552; x_wconf 87' lang='lat' dir='ltr'>loci</span> <span class='ocrx_word' id='word_1_3' title='bbox 238 499 371 569; x_wconf 78' lang='lat' dir='ltr'>restant,</span> <span class='ocrx_word' id='word_1_4' title='bbox 398 497 451 560; x_wconf 90' lang='lat' dir='ltr'>ubi</span> <span class='ocrx_word' id='word_1_5' title='bbox 476 499 636 578; x_wconf 90' lang='lat' dir='ltr'>scriptura</span> <span class='ocrx_word' id='word_1_6' title='bbox 659 517 737 564; x_wconf 87' lang='lat' dir='ltr'>vera</span> <span class='ocrx_word' id='word_1_7' title='bbox 760 500 812 564; x_wconf 90' lang='lat' dir='ltr'>vel</span> <span class='ocrx_word' id='word_1_8' title='bbox 837 505 924 564; x_wconf 85' lang='lat' dir='ltr'>certe</span> <span class='ocrx_word' id='word_1_9' title='bbox 948 516 1029 562; x_wconf 87' lang='lat' dir='ltr'>sana</span> <span class='ocrx_word' id='word_1_10' title='bbox 1052 497 1270 577; x_wconf 86' lang='lat' dir='ltr'>probabilisve</span> <span class='ocrx_word' id='word_1_11' title='bbox 1290 513 1369 558; x_wconf 91' lang='lat' dir='ltr'>non·</span> <span class='ocrx_word' id='word_1_12' title='bbox 1404 491 1419 548; x_wconf 69' lang='lat' dir='ltr'>l</span> 
     </span>
     <span class='ocr_line' id='line_1_3' title="bbox 158 595 1368 686; baseline 0.007 -30"><span class='ocrx_word' id='word_1_13' title='bbox 158 595 230 658; x_wconf 91' lang='lat' dir='ltr'>dum</span> <span class='ocrx_word' id='word_1_14' title='bbox 250 601 398 665; x_wconf 88' lang='lat' dir='ltr'>restituta</span> <span class='ocrx_word' id='word_1_15' title='bbox 417 605 466 679; x_wconf 89' lang='lat' dir='ltr'>sit,</span> <span class='ocrx_word' id='word_1_16' title='bbox 492 623 599 686; x_wconf 89' lang='lat' dir='ltr'>neque</span> <span class='ocrx_word' id='word_1_17' title='bbox 618 625 696 670; x_wconf 88' lang='lat' dir='ltr'>vero</span> <span class='ocrx_word' id='word_1_18' title='bbox 716 607 845 682; x_wconf 80' lang='lat' dir='ltr'>desunt,</span> <span class='ocrx_word' id='word_1_19' title='bbox 868 624 951 686; x_wconf 87' lang='lat' dir='ltr'>quos</span> <span class='ocrx_word' id='word_1_20' title='bbox 971 605 1078 668; x_wconf 91' lang='lat' dir='ltr'>adhuc</span> <span class='ocrx_word' id='word_1_21' title='bbox 1097 604 1217 667; x_wconf 89' lang='lat' dir='ltr'>iniuria</span> <span class='ocrx_word' id='word_1_22' title='bbox 1234 603 1368 680; x_wconf 86' lang='lat' dir='ltr'>intemp-</span> 
     </span>
     <span class='ocr_line' id='line_1_4' title="bbox 155 707 1369 793; baseline 0.005 -30"><span class='ocrx_word' id='word_1_23' title='bbox 155 707 237 766; x_wconf 87' lang='lat' dir='ltr'>tatos</span> <span class='ocrx_word' id='word_1_24' title='bbox 267 707 453 788; x_wconf 80' lang='lat' dir='ltr'>reliquerint</span> <span class='ocrx_word' id='word_1_25' title='bbox 481 712 632 787; x_wconf 75' lang='lat' dir='ltr'>editores</span> <span class='ocrx_word' id='word_1_26' title='bbox 669 731 806 793; x_wconf 87' lang='lat' dir='ltr'>quorum</span> <span class='ocrx_word' id='word_1_27' title='bbox 841 712 1097 776; x_wconf 89' lang='lat' dir='ltr'>Herwerdenum</span> <span class='ocrx_word' id='word_1_28' title='bbox 1124 711 1159 773; x_wconf 91' lang='lat' dir='ltr'>in</span> <span class='ocrx_word' id='word_1_29' title='bbox 1182 707 1369 789; x_wconf 79' lang='lat' dir='ltr'>Thucydide</span> 
     </span>
     <span class='ocr_line' id='line_1_5' title="bbox 153 812 1369 900; baseline 0.004 -29"><span class='ocrx_word' id='word_1_30' title='bbox 153 812 299 888; x_wconf 85' lang='lat' dir='ltr'>quamvis</span> <span class='ocrx_word' id='word_1_31' title='bbox 324 817 471 894; x_wconf 82' lang='lat' dir='ltr'>genuinis</span> <span class='ocrx_word' id='word_1_32' title='bbox 495 818 610 883; x_wconf 90' lang='lat' dir='ltr'>deletis</span> <span class='ocrx_word' id='word_1_33' title='bbox 634 819 836 884; x_wconf 79' lang='lat' dir='ltr'>decertando</span> <span class='ocrx_word' id='word_1_34' title='bbox 862 819 1028 900; x_wconf 85' lang='lat' dir='ltr'>ingenium</span> <span class='ocrx_word' id='word_1_35' title='bbox 1053 819 1160 881; x_wconf 93' lang='lat' dir='ltr'>minus</span> <span class='ocrx_word' id='word_1_36' title='bbox 1184 815 1369 880; x_wconf 87' lang='lat' dir='ltr'>exercuisse</span> 
     </span>
     <span class='ocr_line' id='line_1_6' title="bbox 150 916 1370 1006; baseline 0.006 -30"><span class='ocrx_word' id='word_1_37' title='bbox 150 916 277 981; x_wconf 90' lang='lat' dir='ltr'>vellem.</span> <span class='ocrx_word' id='word_1_38' title='bbox 327 919 391 984; x_wconf 89' lang='lat' dir='ltr'>Sed</span> <span class='ocrx_word' id='word_1_39' title='bbox 421 941 495 987; x_wconf 92' lang='lat' dir='ltr'>cum</span> <span class='ocrx_word' id='word_1_40' title='bbox 518 943 657 1002; x_wconf 91' lang='lat' dir='ltr'>vererer,</span> <span class='ocrx_word' id='word_1_41' title='bbox 688 944 729 990; x_wconf 91' lang='lat' dir='ltr'>ne</span> <span class='ocrx_word' id='word_1_42' title='bbox 758 932 791 989; x_wconf 92' lang='lat' dir='ltr'>et</span> <span class='ocrx_word' id='word_1_43' title='bbox 817 927 881 989; x_wconf 92' lang='lat' dir='ltr'>hoo</span> <span class='ocrx_word' id='word_1_44' title='bbox 910 925 1104 1006; x_wconf 90' lang='lat' dir='ltr'>opuseulum</span> <span class='ocrx_word' id='word_1_45' title='bbox 1128 921 1370 987; x_wconf 88' lang='lat' dir='ltr'>ultramodum</span> 
     </span>
     <span class='ocr_line' id='line_1_7' title="bbox 149 1023 1369 1114; baseline 0.003 -29"><span class='ocrx_word' id='word_1_46' title='bbox 149 1023 378 1104; x_wconf 82' lang='lat' dir='ltr'>disputationis</span> <span class='ocrx_word' id='word_1_47' title='bbox 409 1038 613 1096; x_wconf 82' lang='lat' dir='ltr'>accresceret</span> <span class='ocrx_word' id='word_1_48' title='bbox 639 1039 671 1098; x_wconf 91' lang='lat' dir='ltr'>et</span> <span class='ocrx_word' id='word_1_49' title='bbox 694 1033 872 1114; x_wconf 86' lang='lat' dir='ltr'>publicatio</span> <span class='ocrx_word' id='word_1_50' title='bbox 895 1033 961 1096; x_wconf 91' lang='lat' dir='ltr'>iam</span> <span class='ocrx_word' id='word_1_51' title='bbox 984 1050 1043 1112; x_wconf 89' lang='lat' dir='ltr'>per</span> <span class='ocrx_word' id='word_1_52' title='bbox 1065 1031 1268 1111; x_wconf 88' lang='lat' dir='ltr'>aliquantum</span> <span class='ocrx_word' id='word_1_53' title='bbox 1291 1035 1369 1091; x_wconf 90' lang='lat' dir='ltr'>tem-</span> 
     </span>
     <span class='ocr_line' id='line_1_8' title="bbox 148 1132 1370 1220; baseline 0.002 -27"><span class='ocrx_word' id='word_1_54' title='bbox 148 1149 208 1209; x_wconf 88' lang='lat' dir='ltr'>pus</span> <span class='ocrx_word' id='word_1_55' title='bbox 240 1132 312 1196; x_wconf 89' lang='lat' dir='ltr'>aliis</span> <span class='ocrx_word' id='word_1_56' title='bbox 341 1136 455 1199; x_wconf 91' lang='lat' dir='ltr'>studiis</span> <span class='ocrx_word' id='word_1_57' title='bbox 478 1139 641 1203; x_wconf 85' lang='lat' dir='ltr'>retardata</span> <span class='ocrx_word' id='word_1_58' title='bbox 664 1139 798 1203; x_wconf 90' lang='lat' dir='ltr'>ulterius</span> <span class='ocrx_word' id='word_1_59' title='bbox 823 1139 1048 1220; x_wconf 87' lang='lat' dir='ltr'>prolataretur‚</span> <span class='ocrx_word' id='word_1_60' title='bbox 1084 1135 1186 1200; x_wconf 90' lang='lat' dir='ltr'>libros</span> <span class='ocrx_word' id='word_1_61' title='bbox 1209 1134 1250 1197; x_wconf 96' lang='lat' dir='ltr'>lll</span> <span class='ocrx_word' id='word_1_62' title='bbox 1274 1139 1305 1197; x_wconf 91' lang='lat' dir='ltr'>et</span> <span class='ocrx_word' id='word_1_63' title='bbox 1328 1133 1370 1196; x_wconf 93' lang='lat' dir='ltr'>IV</span> 
     </span>
     <span class='ocr_line' id='line_1_9' title="bbox 149 1238 1371 1328; baseline 0.001 -29"><span class='ocrx_word' id='word_1_64' title='bbox 149 1238 237 1302; x_wconf 90' lang='lat' dir='ltr'>solos</span> <span class='ocrx_word' id='word_1_65' title='bbox 266 1259 306 1304; x_wconf 91' lang='lat' dir='ltr'>ea</span> <span class='ocrx_word' id='word_1_66' title='bbox 334 1260 433 1321; x_wconf 87' lang='lat' dir='ltr'>quam</span> <span class='ocrx_word' id='word_1_67' title='bbox 463 1245 528 1308; x_wconf 87' lang='lat' dir='ltr'>dixi</span> <span class='ocrx_word' id='word_1_68' title='bbox 554 1247 681 1310; x_wconf 90' lang='lat' dir='ltr'>ratione</span> <span class='ocrx_word' id='word_1_69' title='bbox 703 1249 889 1328; x_wconf 90' lang='lat' dir='ltr'>recognitos</span> <span class='ocrx_word' id='word_1_70' title='bbox 913 1245 1102 1326; x_wconf 88' lang='lat' dir='ltr'>speciminis</span> <span class='ocrx_word' id='word_1_71' title='bbox 1126 1241 1224 1305; x_wconf 92' lang='lat' dir='ltr'>modo</span> <span class='ocrx_word' id='word_1_72' title='bbox 1248 1238 1371 1319; x_wconf 85' lang='lat' dir='ltr'>publici</span> 
     </span>
     <span class='ocr_line' id='line_1_10' title="bbox 148 1343 1370 1462; baseline 0 -56"><span class='ocrx_word' id='word_1_73' title='bbox 148 1343 226 1408; x_wconf 91' lang='lat' dir='ltr'>iuris</span> <span class='ocrx_word' id='word_1_74' title='bbox 251 1344 358 1412; x_wconf 88' lang='lat' dir='ltr'>facere</span> <span class='ocrx_word' id='word_1_75' title='bbox 383 1350 515 1429; x_wconf 89' lang='lat' dir='ltr'>placuit.</span> <span class='ocrx_word' id='word_1_76' title='bbox 564 1351 664 1417; x_wconf 87' lang='lat' dir='ltr'>Cuius</span> <span class='ocrx_word' id='word_1_77' title='bbox 687 1355 921 1436; x_wconf 82' lang='lat' dir='ltr'>recognitionis</span> <span class='ocrx_word' id='word_1_78' title='bbox 945 1353 1029 1415; x_wconf 85' lang='lat' dir='ltr'>duae</span> <span class='ocrx_word' id='word_1_79' title='bbox 1053 1349 1132 1412; x_wconf 90' lang='lat' dir='ltr'>mihi</span> <span class='ocrx_word' id='word_1_80' title='bbox 1156 1366 1209 1411; x_wconf 84' lang='lat' dir='ltr'>res</span> <span class='ocrx_word' id='word_1_81' title='bbox 1233 1344 1370 1462; x_wconf 83' lang='lat' dir='ltr'>fortasse</span> 
     </span>
     <span class='ocr_line' id='line_1_11' title="bbox 148 1452 1371 1542; baseline -0.002 -28"><span class='ocrx_word' id='word_1_82' title='bbox 148 1455 357 1519; x_wconf 88' lang='lat' dir='ltr'>excusandae</span> <span class='ocrx_word' id='word_1_83' title='bbox 390 1463 480 1532; x_wconf 90' lang='lat' dir='ltr'>sunt,</span> <span class='ocrx_word' id='word_1_84' title='bbox 515 1477 630 1536; x_wconf 90' lang='lat' dir='ltr'>unum,</span> <span class='ocrx_word' id='word_1_85' title='bbox 667 1461 754 1542; x_wconf 88' lang='lat' dir='ltr'>quod</span> <span class='ocrx_word' id='word_1_86' title='bbox 788 1465 993 1526; x_wconf 86' lang='lat' dir='ltr'>correcturas</span> <span class='ocrx_word' id='word_1_87' title='bbox 1026 1457 1179 1529; x_wconf 84' lang='lat' dir='ltr'>aliorum,</span> <span class='ocrx_word' id='word_1_88' title='bbox 1215 1452 1371 1530; x_wconf 86' lang='lat' dir='ltr'>Krucgerr</span> 
     </span>
     <span class='ocr_line' id='line_1_12' title="bbox 147 1557 1369 1649; baseline -0.001 -29"><span class='ocrx_word' id='word_1_89' title='bbox 147 1559 298 1635; x_wconf 91' lang='lat' dir='ltr'>maxime,</span> <span class='ocrx_word' id='word_1_90' title='bbox 334 1563 496 1627; x_wconf 89' lang='lat' dir='ltr'>immerito</span> <span class='ocrx_word' id='word_1_91' title='bbox 529 1564 570 1628; x_wconf 88' lang='lat' dir='ltr'>ab</span> <span class='ocrx_word' id='word_1_92' title='bbox 602 1568 779 1632; x_wconf 88' lang='lat' dir='ltr'>editoribus</span> <span class='ocrx_word' id='word_1_93' title='bbox 813 1568 978 1649; x_wconf 88' lang='lat' dir='ltr'>neglectas</span> <span class='ocrx_word' id='word_1_94' title='bbox 1006 1561 1170 1627; x_wconf 91' lang='lat' dir='ltr'>interdum</span> <span class='ocrx_word' id='word_1_95' title='bbox 1193 1557 1292 1638; x_wconf 87' lang='lat' dir='ltr'>paulo</span> <span class='ocrx_word' id='word_1_96' title='bbox 1316 1574 1369 1620; x_wconf 88' lang='lat' dir='ltr'>co-</span> 
     </span>
     <span class='ocr_line' id='line_1_13' title="bbox 147 1664 1371 1780; baseline -0.001 -54"><span class='ocrx_word' id='word_1_97' title='bbox 147 1664 271 1742; x_wconf 89' lang='lat' dir='ltr'>piosius</span> <span class='ocrx_word' id='word_1_98' title='bbox 294 1674 419 1732; x_wconf 86' lang='lat' dir='ltr'>tutatus</span> <span class='ocrx_word' id='word_1_99' title='bbox 444 1689 526 1745; x_wconf 89' lang='lat' dir='ltr'>sum,</span> <span class='ocrx_word' id='word_1_100' title='bbox 552 1672 697 1752; x_wconf 90' lang='lat' dir='ltr'>alterum,</span> <span class='ocrx_word' id='word_1_101' title='bbox 724 1676 812 1756; x_wconf 85' lang='lat' dir='ltr'>quod</span> <span class='ocrx_word' id='word_1_102' title='bbox 836 1677 971 1739; x_wconf 87' lang='lat' dir='ltr'>inventa</span> <span class='ocrx_word' id='word_1_103' title='bbox 990 1668 1206 1750; x_wconf 88' lang='lat' dir='ltr'>superiorum,</span> <span class='ocrx_word' id='word_1_104' title='bbox 1232 1665 1267 1726; x_wconf 94' lang='lat' dir='ltr'>in</span> <span class='ocrx_word' id='word_1_105' title='bbox 1287 1681 1371 1780; x_wconf 80' lang='lat' dir='ltr'>quae</span> 
     </span>
     <span class='ocr_line' id='line_1_14' title="bbox 148 1772 1371 1876; baseline -0.002 -43"><span class='ocrx_word' id='word_1_106' title='bbox 148 1788 207 1850; x_wconf 93' lang='lat' dir='ltr'>ego</span> <span class='ocrx_word' id='word_1_107' title='bbox 232 1792 365 1854; x_wconf 85' lang='lat' dir='ltr'>quoque</span> <span class='ocrx_word' id='word_1_108' title='bbox 389 1776 578 1854; x_wconf 87' lang='lat' dir='ltr'>incideram,</span> <span class='ocrx_word' id='word_1_109' title='bbox 607 1781 724 1845; x_wconf 82' lang='lat' dir='ltr'>tacitus</span> <span class='ocrx_word' id='word_1_110' title='bbox 747 1781 1005 1862; x_wconf 85' lang='lat' dir='ltr'>praetermittere</span> <span class='ocrx_word' id='word_1_111' title='bbox 1029 1793 1096 1838; x_wconf 91' lang='lat' dir='ltr'>non</span> <span class='ocrx_word' id='word_1_112' title='bbox 1121 1772 1276 1876; x_wconf 89' lang='lat' dir='ltr'>sustinui;</span> <span class='ocrx_word' id='word_1_113' title='bbox 1307 1787 1371 1832; x_wconf 84' lang='lat' dir='ltr'>mer</span> 
     </span>
     <span class='ocr_line' id='line_1_15' title="bbox 147 1881 839 1950; baseline 0.017 -11"><span class='ocrx_word' id='word_1_114' title='bbox 147 1881 257 1941; x_wconf 90' lang='lat' dir='ltr'>tamen</span> <span class='ocrx_word' id='word_1_115' title='bbox 281 1881 361 1943; x_wconf 88' lang='lat' dir='ltr'>satis</span> <span class='ocrx_word' id='word_1_116' title='bbox 383 1889 506 1947; x_wconf 89' lang='lat' dir='ltr'>restare</span> <span class='ocrx_word' id='word_1_117' title='bbox 530 1884 669 1950; x_wconf 75' lang='lat' dir='ltr'>confido,</span> <span class='ocrx_word' id='word_1_118' title='bbox 838 1897 839 1900; x_wconf 75' lang='grc'>’</span> 
     </span>
    </p>
   </div>
   <div class='ocr_carea' id='block_1_3' title="bbox 0 0 1626 5060">
    <p class='ocr_par' dir='ltr' id='par_1_3' title="bbox 0 0 1626 5060">
     <span class='ocr_line' id='line_1_16' title="bbox 0 0 1626 5060; baseline 0 0"><span class='ocrx_word' id='word_1_119' title='bbox 0 0 1626 5060; x_wconf 95' lang='lat' dir='ltr'> </span> 
     </span>
    </p>
   </div>
  </div>
 </body>
</html>
