3262 5052
715 331 777 396 127

130 509 185 575 hie
217 530 351 592 quoque
381 512 627 576 rescribendum
659 528 731 576 esse
763 510 891 574 censuit
919 505 1079 585 Ηελιλιύε,
1106 529 1204 591 quem
1228 519 1362 576 secutus

129 625 182 680 est
207 617 365 689 Stahlius,
393 618 542 699 Xenoph.
570 617 689 700 Cyneg.
727 618 756 693 7,
793 619 811 679 7
848 615 997 692 afferens,
1033 617 1089 681 ubi
1121 625 1232 681 tamen
1264 637 1361 683 voca-

127 725 247 788 bulum
276 725 400 806 δρόμος
428 725 467 789 de
496 725 662 790 celeritate
690 742 816 798 cursus
844 742 911 788 non
936 724 976 789 de
1001 743 1098 788 cursu
1123 725 1195 804 ipso
1219 726 1362 804 positum

128 837 192 896 cst.
233 833 416 912 Procopius
440 851 471 912 p.
498 831 562 896 374
586 851 606 895 a
630 832 755 914 (ἄνδρες
773 869 817 877 -
835 831 971 912 κούφως
998 832 1220 914 ἐσκευασμένα
1249 832 1303 896 καὶ
1324 839 1362 915 τῇ

127 946 219 1022 φυγῇ
237 939 527 1022 προλαμβάνοντες)
547 946 695 1004 nostrum
710 939 819 1002 locum
834 939 979 1002 imitatus
999 944 1047 1001 est
1065 938 1119 1002 ille
1140 938 1282 1018 quidem,
1304 939 1361 1004 sed

127 1047 165 1108 in
181 1047 290 1110 dativo
310 1046 466 1126 ponendo
486 1046 641 1126 loquendi
664 1065 760 1110 usum
784 1063 863 1110 suae
887 1046 1003 1110 aetatis
1027 1051 1159 1110 secutus
1183 1064 1257 1110 esse
1274 1047 1361 1110 vide-

127 1159 199 1226 tur3
231 1159 347 1217 contra
371 1151 464 1216 Diod.
491 1153 575 1226 XVl,
602 1152 655 1229 94,
681 1153 702 1215 4
725 1151 894 1234 προλαβεῖν
916 1159 970 1234 τῆς
994 1153 1135 1226 διώξεως
1158 1153 1247 1224 dixit,
1274 1153 1362 1234 quod

130 1256 170 1321 in
201 1255 445 1341 perseeutione
472 1256 695 1341 praeuenire,
733 1277 800 1323 non
824 1255 1103 1340 persecutionem
1140 1259 1207 1341 (τὴν
1240 1260 1361 1342 δίωξιν)

122 1365 343 1447 praeuenire
377 1363 506 1452 (Stant.)
540 1367 636 1431 valet.
685 1366 732 1431 De
760 1366 910 1447 genetivo
940 1364 980 1430 ol.
1013 1366 1065 1442 lv,
1096 1365 1149 1442 60,
1181 1365 1212 1442 2,
1238 1367 1358 1432 Herod.

131 1474 185 1548 111,
218 1474 280 1538 105
311 1479 345 1538 et
373 1473 509 1554 Madvig.
540 1475 625 1538 bem.
652 1494 684 1537 u.
711 1492 739 1538 e.
767 1493 797 1554 p.
824 1473 855 1536 d.
883 1473 1003 1553 griech.
1037 1471 1359 1555 wortfiigungslchve,

130 1598 205 1661 pag.
232 1583 285 1644 77.
336 1580 481 1658 Accedit,
517 1581 605 1661 quod
639 1579 682 1644 ob
714 1581 860 1644 dativum
895 1581 951 1660 qui
979 1582 1126 1662 sequitur
1156 1578 1363 1663 Thucydides

133 1695 222 1752 certe
247 1689 284 1751 ἓν
307 1694 345 1770 τῇ
369 1695 455 1770 φυγῇ
478 1688 652 1768 posuisset.

223 1794 284 1868 34,
309 1793 340 1858 3.
381 1795 630 1878 ἀποκεκλῃμένοι
662 1796 721 1878 μὲν
752 1801 788 1877 τῇ
822 1795 895 1877 ὄψει
928 1802 983 1859 τοῦ
1011 1793 1173 1878 προορᾶν]
1205 1803 1260 1878 «τῇ
1291 1796 1364 1876 ὄψει
1448 1799 1452 1810 “

133 1902 351 1982 oppositionis
376 1919 477 1965 causa
500 1903 656 1974 additum,
684 1904 761 1984 quia
780 1903 929 1982 sequitur
948 1903 1169 1970 ἐσσκούοντες»
1194 1901 1365 1965 adnotavit

134 2009 316 2083 Haackius;
348 2008 405 2071 sed
435 2009 510 2072 huic
539 2009 640 2074 verbo
668 2009 838 2090 genetivus
861 2015 917 2072 τοῦ
940 2014 1084 2091 προορᾶν
1107 2009 1277 2088 oppositus
1301 2013 1360 2078 est,

134 2134 198 2195 quo
223 2114 258 2178 sit
282 2121 318 2178 ut
342 2115 450 2193 potius
474 2115 595 2196 aliquid
620 2114 728 2180 verbis
750 2114 814 2178 ὑπὸ
837 2121 890 2198 τῆς
914 2116 1057 2197 μείζονος
1080 2116 1158 2198 βοῆς
1177 2114 1363 2194 oppositum

132 2222 281 2286 velimus,
332 2221 449 2302 Magno
478 2240 575 2301 opere
604 2223 701 2286 etiam
731 2222 860 2286 dativus
890 2220 1034 2296 offendit,
1065 2239 1123 2302 pro
1153 2239 1219 2300 quo
1243 2221 1360 2300 Krueg.

132 2329 186 2411 τὴν
209 2331 287 2410 ὄψιν
311 2327 470 2400 malebam
497 2347 572 2392 nam
597 2329 694 2410 plane
717 2329 812 2393 aliter
836 2329 887 2402 ΙΙΙ,
917 2327 1028 2403 112‚4
1051 2327 1305 2408 καθορωμένους
1326 2334 1364 2410 τῇ

134 2436 205 2517 ὄψει
234 2436 359 2499 dictum
387 2442 446 2510 est,
482 2453 557 2499 cum
586 2443 699 2500 nostro
728 2436 802 2500 looo
831 2453 889 2516 per
918 2435 1170 2500 collocationem
1198 2435 1300 2499 verba
1326 2441 1364 2517 τῇ

133 2543 205 2624 ὄψει
234 2543 276 2606 ad
300 2547 444 2624 προορᾶν
465 2541 576 2606 referri
600 2543 654 2606 vix
677 2543 783 2608 liceat.
834 2541 971 2622 Scripsit
998 2540 1134 2606 fortasse
1158 2540 1364 2623 Thucydides

132 2657 167 2732 τῇ
192 2650 306 2722 κόνει,
331 2649 420 2729 quod
443 2649 642 2713 vocabulum
666 2669 724 2730 pro
748 2650 864 2713 vocab.
891 2648 1053 2732 κονιορτὸς
1072 2666 1170 2727 supra
1189 2647 1240 2712 bis
1259 2648 1364 2728 posito

132 2763 250 2836 poetae
271 2763 304 2819 ct
318 2755 411 2820 Plato
431 2765 643 2836 usurparunt;
660 2763 748 2822 extat
761 2757 861 2824 ctiam
877 2757 964 2837 apud
980 2757 1171 2820 Lucienum.
1206 2753 1364 2840 [Goltzius

132 2865 245 2945 ῥίψει,
271 2881 317 2925 sc.
343 2868 407 2925 τῶν
429 2865 629 2945 τοξευμάτων
651 2864 704 2926 καὶ
726 2864 827 2926 λίθων
854 2861 906 2948 (cs.
934 2861 956 2948 ξ
980 2862 1024 2948 2),
1056 2860 1200 2946 conicit]

225 2969 286 3043 35,
310 2971 342 3032 4.
383 2971 413 3032 οἷ
435 2970 681 3053 Λακεδαιμόνιοι
703 2970 881 3054 ἠμύναντο]
905 2970 999 3034 Laut.
1026 2968 1161 3048 praebet
1183 2970 1364 3050 ἠμύνοντο,

133 3078 224 3157 quod
250 3076 293 3140 ob
317 3074 442 3156 imperf.
469 3077 607 3158 ἀντεῖχον
631 3077 718 3158 quod
743 3077 912 3157 praecedit
934 3073 1184 3156 praeferendum
1212 3081 1272 3138 est.

225 3183 287 3262 36,
311 3183 342 3246 3.
384 3183 507 3264 (ἐκεῖνοι
529 3207 560 3246 τε
584 3184 643 3266 γὰρ
665 3190 702 3266 τῇ
726 3185 858 3266 ἀτράντῳ
883 3183 1114 3265 περιελθόντων
1140 3187 1204 3246 τῶν
1226 3181 1364 3264 Περσῶν

135 3291 357 3372 διεφθάρησαν
380 3287 467 3353 οὗτοί
481 3290 544 3374 τε)]
563 3289 705 3354 Stahlius
726 3289 813 3375 (cum
833 3286 1018 3373 Herwerd.)
1034 3287 1135 3353 verba
1148 3294 1212 3351 τῶν
1226 3287 1364 3369 Περσῶν

136 3414 307 3477 perperam
326 3398 490 3476 expungit,
513 3398 611 3478 quod,
634 3416 710 3461 cum
728 3397 925 3477 pronomina
943 3397 1054 3458 ἐκεῖνοι
1074 3401 1105 3460 et
1124 3391 1209 3458 οὗτοι
1227 3393 1361 3474 particc.

135 3527 166 3565 τε
180 3540 224 3550 -
238 3527 269 3566 τε
292 3504 376 3568 inter
408 3521 443 3568 se
476 3512 666 3584 aequentur,
697 3505 731 3568 in
758 3502 921 3584 prioribus
950 3509 1077 3566 tantum
1108 3501 1249 3565 valeant.
1299 3499 1364 3563 Sed

136 3611 179 3674 ob
212 3611 350 3674 eandem
384 3627 528 3686 causam,
564 3612 591 3673 si
624 3611 701 3691 quid
734 3611 894 3675 momenti
928 3609 1078 3687 haberet,
1115 3606 1287 3672 articulum
1318 3612 1364 3688 τῇ,

137 3734 202 3795 quo
223 3716 413 3780 notissimus
431 3717 485 3780 ille
505 3717 597 3780 callis
616 3717 825 3798 significatur,
849 3717 952 3782 deleri
972 3733 1109 3780 necesse
1128 3722 1230 3788 essct;
1256 3731 1364 3793 neque

137 3841 214 3886 vero
249 3823 468 3906 διεφθάρησαν
501 3825 542 3888 ad
575 3843 667 3904 pron.
694 3822 778 3888 οὗτοι
808 3842 941 3905 quoquc
968 3821 1185 3895 referendum,
1217 3821 1274 3886 sed
1303 3819 1364 3882 διε-

138 3930 304 4013 φθείροντο
322 3927 374 4014 (cf.
392 3930 432 3994 dc
451 3931 575 3995 eisdem
596 3931 661 4002 Vll,
689 3931 741 4006 71,
770 3931 804 3994 7;
824 3925 1125 4013 προσαπώλλυντο)
1150 3927 1202 3992 vel
1223 3925 1364 4008 διαφθα-

40 4071 41 4076 1
140 4037 289 4118 ρήοεσθοι
312 4037 441 4118 ἔμελλον
464 4038 681 4119 supplendum
705 4043 763 4102 est.
790 4075 833 4084 -
858 4035 1012 4101 Ceterum
1030 4034 1117 4101 haud
1138 4035 1207 4098 scio
1227 4053 1269 4099 an
1289 4039 1366 4103 τοῖς

40 4165 41 4168 “
141 4142 171 4204 ἐν
197 4141 417 4226 Θερμοπύλαις
440 4146 595 4225 scriptum
619 4143 724 4210 fuerit.

40 4243 41 4250 Ι
227 4249 287 4324 38,
314 4251 342 4314 1.
381 4257 436 4314 τοῦ
461 4252 495 4315 δὲ
511 4253 574 4335 μετ’
596 4251 691 4316 αὑτὸν
705 4248 910 4333 Ἱππαγρέτου
931 4251 1133 4333 ἐφῃρημένου
1152 4246 1233 4330 κτλ]
1251 4245 1364 4309 dubito

143 4372 181 4418 an
204 4359 397 4440 ἱππαγρέτου
421 4359 629 4424 scribendum
654 4361 705 4434 sit,
731 4357 765 4421 id
784 4357 872 4440 quod
894 4360 960 4422 iam
980 4356 1097 4436 Krueg.
1120 4351 1363 4432 suspicabatur3

144 4461 232 4527 laur.
269 4465 400 4546 quidem
432 4466 496 4530 hoc
528 4467 727 4531 vocabulum
760 4467 853 4546 signo
885 4463 1028 4528 nominis
1061 4459 1183 4542 proprii
1208 4455 1274 4544 (-)
1298 4476 1367 4522 non

145 4573 344 4652 superposito
369 4572 510 4638 exhibet.
558 4573 643 4636 Nihil
662 4575 751 4636 certe
776 4571 817 4636 ad
844 4569 1099 4635 collocationem
1123 4566 1289 4630 insolitam
1312 4583 1365 4629 ex-
