3244 5060
749 335 792 400 29

157 517 219 580 Pro
254 517 312 580 δύο
347 515 501 598 (ἡμερῶν)
526 515 630 578 Vatic.
657 515 745 577 dvctv
778 512 921 593 praebet,
957 530 1058 593 quam
1092 510 1230 574 formam
1254 528 1379 574 correc-

156 623 281 688 toribus
314 622 425 686 tribuit
457 619 611 684 Stahlius
646 657 690 666 —
721 618 744 705 ξ
776 619 796 684 3
829 621 863 682 in
898 621 992 684 Laur.
1028 619 1186 682 ἐδύναντο
1219 623 1278 692 est,
1314 635 1381 679 non

158 731 321 814 ἠδύναντο,
355 727 396 792 ci.
424 727 476 806 25,
501 729 533 792 4.
559 765 604 774 —
628 727 663 790 ln
686 725 751 811 §4
784 727 867 790 inter
899 712 1000 790 verba
1030 725 1103 808 πρὶν
1126 731 1159 788 ot
1181 725 1236 797 ὡς,
1269 723 1380 788 nescio

158 855 201 901 an
225 842 426 911 correctura,
453 853 545 914 pron.
571 837 609 904 ἃς
635 831 766 918 (ἡμέρας
789 829 849 918 sc.)
875 833 908 896 in
934 833 1036 895 Vatic.
1062 831 1200 911 irrepsit.

249 943 308 1020 51,
336 943 350 1004 i
383 943 543 1020 scriptura
566 941 670 1004 Vatie.
702 941 870 1022 ἐπηρμένοι
894 936 982 1024 (cett.
1009 935 1220 1023 ἐγηγερμένοι)
1245 939 1287 1000 ad
1310 956 1379 1001 sen·

159 1051 293 1114 tentiam
328 1048 406 1112 satis
440 1048 593 1112 convenit
625 1053 656 1110 et
674 1047 763 1110 loco
788 1045 884 1110 simili
906 1045 987 1122 Vlll,
1014 1044 1044 1121 2,
1074 1045 1089 1107 1
1116 1044 1260 1126 quodam
1283 1043 1381 1107 modo

162 1155 394 1236 comprobatur
409 1154 464 1218 illa
479 1153 625 1234 quidem;
651 1149 770 1216 dubito
783 1159 904 1229 tamen,
931 1170 1006 1215 oum
1025 1169 1090 1231 quo
1110 1150 1209 1214 modo
1229 1171 1268 1215 ex
1287 1153 1381 1233 ἐπηρ-

161 1265 249 1345 μένοι
281 1261 444 1341 scriptura
475 1261 675 1343 ἐγηγερμένοι
707 1259 784 1322 oriri
816 1259 957 1338 potuerit
980 1255 1141 1321 difficilius
1165 1258 1379 1337 intellegatur,

160 1387 201 1434 an
224 1369 304 1432 illud
329 1367 466 1431 verbum
489 1385 548 1446 pro
572 1367 647 1441 hoc,
683 1365 770 1446 quod
799 1365 907 1436 minus
930 1365 1086 1428 usitatum
1109 1370 1169 1440 est,
1205 1364 1246 1426 ad
1275 1363 1381 1426 simili-

159 1476 306 1540 tudinem
339 1475 405 1538 loci
436 1491 534 1553 quem
566 1473 697 1538 laudavi
729 1472 855 1536 illatum
888 1473 938 1535 sit.
986 1469 1171 1535 Perfectum
1202 1471 1383 1534 secundum

157 1584 318 1664 Δἕχρήχορα
352 1581 447 1644 simili
480 1599 579 1644 sensu
617 1579 803 1659 Xenophon
836 1577 953 1660 Cyrop.
989 1579 1012 1654 l,
1046 1579 1078 1654 4,
1114 1577 1157 1640 20
1189 1577 1306 1658 posuit.
1340 1613 1383 1624 --

161 1689 240 1752 Post
273 1693 366 1770 σφῶν
403 1689 436 1750 in
471 1688 573 1750 Vatic.
610 1686 695 1760 male
727 1711 758 1749 τε
790 1686 935 1758 additum
974 1684 1129 1748 articulos
1166 1691 1231 1755 ταῖς
1268 1684 1382 1768 (ναυσὶ)

163 1802 195 1860 et
218 1803 264 1878 τῷ
289 1794 413 1878 (πεζῷ),
437 1794 492 1874 qui
515 1812 582 1856 non
605 1793 813 1873 requiruntur
839 1791 892 1877 (cf.
916 1789 1070 1877 Βοιωτίη,
1097 1791 1213 1855 omittit
1230 1793 1324 1854 Laur.
1341 1827 1384 1835 —

160 1901 183 1986 ξ
206 1902 225 1965 2
250 1903 284 1964 in
308 1902 413 1964 Vatic.
442 1899 485 1985 (et
508 1899 558 1986 lt.)
585 1900 736 1964 scribitur
758 1901 973 1982 ἀνεπειρῶντο,
1001 1899 1034 1962 in
1061 1899 1155 1962 Laur.
1183 1905 1216 1962 et
1241 1899 1310 1962 vat.
1337 1921 1383 1980 yp.

161 2009 364 2080 ἀνεπαύοντο,
388 2013 528 2088 quorum
551 2007 640 2086 prius
665 2005 873 2069 similitudine
897 2007 961 2070 loci
983 2025 1011 2069 c.
1036 2007 1066 2081 7,
1087 2006 1108 2068 4
1132 2005 1270 2085 permoti
1293 2023 1382 2084 prae·

161 2115 316 2195 tulerunt
335 2114 422 2190 edd„
457 2113 546 2178 velut
570 2112 724 2188 Stahlius,
761 2113 816 2192 qui
844 2113 1037 2176 ἀνεπαύοντο
1067 2131 1176 2176 rerum
1200 2111 1384 2175 condicioni

76 2219 78 2224 ’
161 2239 344 2301 repugnare
378 2221 465 2284 dicit.
525 2219 590 2284 Sed
624 2218 860 2301 Syracusanos,
896 2225 931 2282 ut
963 2219 1019 2298 qui
1051 2225 1129 2282 tunc
1163 2219 1203 2281 ad
1237 2218 1384 2280 ultimum

162 2328 239 2392 belli
272 2327 447 2390 discrimen
480 2326 668 2390 adeundum
697 2343 732 2390 se
761 2331 923 2405 pararent,
959 2325 1101 2404 quietern
1125 2324 1283 2405 aliquanti
1306 2329 1384 2388 tem-

163 2435 251 2514 poris
282 2434 345 2496 sihi
368 2434 546 2514 sumpsisse
573 2433 642 2498 veri
666 2432 864 2496 simsslimum
888 2417 961 2506 est,¹
982 2450 1048 2511 qua
1070 2449 1105 2494 re
1130 2449 1197 2494 non
1220 2431 1386 2495 intellecta

164 2549 332 2604 corrector
363 2540 414 2603 vel
448 2540 597 2604 librarius
630 2540 716 2603 illius
749 2539 813 2602 loci
845 2556 971 2602 mernor
993 2538 1186 2602 ἀνεπαύοντο
1209 2540 1243 2601 in
1266 2539 1385 2600 ἀνεπει-

165 2653 267 2728 ρῶντο
290 2643 386 2709 facilc
410 2651 535 2710 mutare
560 2647 674 2726 potuit.
691 2683 736 2690 —
750 2646 786 2708 ln
805 2646 908 2709 Vatio.
936 2645 1087 2709 scribitur
1110 2645 1194 2717 ὅσας,
1218 2651 1386 2724 tamquam

167 2753 268 2816 ε’ὄόκει
292 2752 401 2816 ἱκανὸν
424 2758 595 2833 sequatur;
621 2755 655 2815 in
675 2753 773 2816 Laur.
800 2759 875 2831 post
897 2752 1015 2815 ἱκαναὶ
1038 2751 1158 2816 excidit
1180 2751 1276 2815 εἶναι.
1323 2751 1386 2814 Pro

168 2862 304 2942 προτέρᾳ
318 2862 352 2922 in
369 2860 471 2923 Vatic.
498 2866 548 2924 est
569 2861 747 2942 προτεραίᾳ,
771 2859 859 2938 quod
881 2859 933 2922 hio
953 2859 1084 2939 quidem
1104 2877 1180 2922 cum
1194 2857 1303 2921 nullus
1318 2857 1386 2920 dies

169 2985 266 3046 quem
294 2967 347 3029 hic
370 2966 579 3046 praecederet
605 2973 702 3030 antea
725 2965 922 3046 significatus
947 2967 988 3029 sit
1012 2963 1086 3028 ferri
1110 2983 1176 3028 non
1201 2983 1297 3044 posse
1321 2959 1394 3027 iam'

166 3072 281 3153 llrueg.
308 3066 569 3136 animadvertit.1
616 3073 699 3136 Ante
732 3074 861 3146 ἱππέοιν,
895 3073 979 3135 sicut
1010 3072 1044 3133 in
1077 3070 1141 3134 fine
1173 3071 1287 3151 capitis
1311 3077 1386 3134 ante

167 3179 307 3251 ὁπλιτῶν,
332 3179 422 3242 artic.
446 3198 510 3242 om.
533 3181 646 3252 Laur.;
672 3181 706 3241 in
731 3179 834 3242 Vatic.
861 3179 961 3243 verba
985 3177 1123 3240 καὶτῶν
1147 3179 1267 3241 ἱππέων
1290 3213 1333 3222 -
1356 3202 1387 3240 τε

168 3291 230 3348 τῶν
249 3285 384 3348 ὁπλιτῶν
407 3286 518 3349 omnia
541 3286 784 3350 interciderunt.
824 3285 930 3348 Minus
953 3284 1060 3364 placet
1075 3284 1108 3346 in
1124 3283 1218 3347 Laur.
1236 3290 1268 3347 et
1282 3283 1385 3347 Vatic.

170 3415 215 3472 γρ.
239 3391 378 3473 ἐφόδου.

256 3498 358 3576 52,·1
384 3499 418 3561 in
441 3498 546 3562 Vatic.
573 3499 658 3562 male
681 3497 762 3580 πρὸς
783 3507 829 3580 τῷ
851 3499 938 3580 τείχει
962 3497 1123 3561 scribitur.
1147 3495 1231 3582 -ξ
1256 3497 1275 3559 2
1299 3504 1387 3562 recte

169 3604 271 3668 Vatic.
307 3605 496 3686 ἐπεξύχοντα
529 3605 674 3678 exhi·bet;
714 3606 748 3668 in
781 3606 897 3669 eodem
930 3604 1139 3678 vocabulum,
1180 3605 1272 3668 cuius
1305 3604 1388 3668 haec

168 3710 358 3792 significatio
393 3711 547 3794 (cursus)
580 3715 688 3776 minus
720 3712 839 3775 usitata
871 3718 930 3787 est,
964 3719 1010 3793 τῷ
1041 3712 1121 3792 πλῷ,
1154 3712 1241 3792 quod
1272 3730 1314 3776 ne
1335 3712 1389 3782 τὰς

169 3825 243 3888 ναῦς
266 3819 439 3882 iteraretur
461 3819 604 3898 positum
628 3837 700 3884 esse
724 3818 860 3895 videtur,
891 3819 923 3882 in
952 3826 997 3900 τῷ
1019 3818 1119 3900 πλοίῳ
1142 3824 1303 3882 mutatum
1326 3825 1385 3884 est.

169 3923 254 3988 Infra
277 3925 372 3988 Laur.
399 3943 504 4004 paene
528 3926 619 3988 solus
642 3925 739 4006 κοίλῳ
762 3934 858 4008 μυχῷ
880 3927 993 4006 partic.
1020 3926 1074 3990 καὶ
1097 3926 1220 3989 omissa
1243 3925 1385 4006 praebet,

170 4049 232 4110 quo
257 4031 448 4096 alterutrum
470 4031 646 4096 verborum
665 4032 835 4112 glossema
848 4051 920 4098 esse
940 4033 1007 4098 veri
1025 4032 1129 4096 simile
1144 4031 1194 4105 fin
1223 4032 1385 4096 Herwerd.

169 4136 417 4219 uothdelevit,
453 4139 605 4218 equidem
629 4139 781 4202 Bothium
803 4147 906 4222 μυχῷ,
940 4140 1028 4220 quod
1052 4158 1070 4204 e
1095 4157 1123 4201 c.
1149 4140 1181 4215 4,
1207 4139 1227 4201 4
1251 4139 1388 4218 petitum

172 4298 380 4306 ———-..—..

258 4385 266 4414 ²
287 4385 389 4440 Contra
406 4386 437 4454 V,
457 4385 500 4454 75,
518 4384 543 4451 4,
572 4386 619 4438 ubi
647 4385 675 4439 in
702 4385 833 4454 proximis
857 4386 978 4456 sequitur
996 4393 1040 4453 τῆς
1058 4384 1145 4452 μάχης
1163 4384 1264 4450 ταύτης,
1294 4380 1389 4436 Cobeti

171 4473 323 4528 coniectura
340 4474 481 4542 προτεραίᾳ
500 4475 660 4530 auctoritate
679 4475 854 4528 Laurentiani
872 4474 1070 4544 comprobatur.
