3262 5052
743 317 805 383 135

248 494 309 568 81,
335 495 365 558 1.
405 494 500 558 αὐτὸν
528 495 562 559 δὲ
589 495 753 576 Βρασίδαν
780 495 1017 578 βουλόμενον
1043 497 1203 577 μάλιστα
1230 495 1389 560 Λακεδαι-

159 603 261 684 μόνιοι
286 601 483 685 ἀπέστειλαν]
506 601 602 665 vertit
624 601 743 683 Krueg.
772 601 816 688 (et
835 609 909 682 post
929 621 1003 666 eum
1024 599 1159 685 Class.):
1189 601 1389 667 ‹besonders

159 709 230 773 weil
256 725 293 771 er
315 725 351 772 es
371 708 579 784 wtinsehte»;
605 708 694 787 quod
714 709 742 770 si
761 707 969 790 Thucydides
989 710 1200 789 pronuntiare
1219 709 1386 786 voluisset,

159 816 267 895 potius
298 815 431 896 μάλιστα
463 813 658 896 βουλόμενον
687 811 741 898 (el.
767 832 796 878 o.
825 814 877 890 79,
904 815 923 877 2
953 814 1048 900 extr.)
1083 817 1256 895 posuisset,
1290 834 1389 897 quam

159 922 201 986 ob
232 939 303 985 rem
335 920 392 984 illa
422 937 644 1002 summopere
676 917 868 1002 cupientem
895 922 1053 986 vertenda
1081 927 1167 985 sunt.
1217 921 1283 987 Sed
1313 941 1388 986 cum

158 1027 266 1092 verbis
295 1045 381 1107 quae
414 1033 610 1107 sequuntur:
641 1027 742 1108 ἄνδρα
770 1029 808 1090 ἔν
834 1049 870 1090 τε
892 1034 934 1110 τῇ
957 1028 1112 1110 Σπάρτῃ
1137 1065 1180 1074 -
1203 1028 1387 1092 Λακεδαι-

157 1135 303 1216 μονίοις
327 1133 496 1214 γενόμενον
514 1150 617 1196 eausa
635 1133 851 1208 contineatur,
874 1151 942 1197 non
961 1152 1021 1198 our
1040 1134 1192 1199 Brasidas
1211 1136 1281 1214 ipse
1301 1135 1387 1200 exire

157 1240 307 1314 voluerit,
334 1238 392 1303 sed
417 1257 476 1302 our
498 1256 575 1302 eum
599 1239 851 1304 Lacedaemonii
875 1240 1002 1304 mittere
1026 1239 1198 1317 voluerint,
1225 1241 1384 1321 suspicor,

158 1347 360 1429 βουλόμενοι
391 1345 522 1426 μάλιστα
560 1347 713 1424 (summa
751 1341 936 1431 uoluntate)
975 1347 1133 1425 scriptum
1170 1345 1281 1423 fuisse,
1321 1364 1387 1427 qua

158 1454 320 1532 scriptura
352 1451 498 1515 adhibita
534 1452 632 1517 etiam
671 1451 805 1516 verbum
842 1453 1070 1532 interpositum
1106 1454 1387 1536 προυδυμήδησαν

156 1561 255 1640 paulo
279 1559 384 1638 magis
408 1555 577 1622 ferendum
600 1557 645 1620 lit.
949 1543 951 1549 ’

247 1664 307 1742 83,
332 1664 362 1726 2.
388 1699 432 1708 -
454 1663 616 1744 Βρασίδας
638 1665 742 1745 λόγοις
764 1665 826 1746 ἔφη
850 1665 1022 1746 βούλεσθαι
1043 1670 1172 1746 πρῶτον
1194 1666 1305 1729 ἐλθὼν.
1322 1665 1386 1747 πρὸ

155 1773 298 1854 πολέμου
323 1769 408 1851 'App
439 1771 534 1851 ξαμμ.
565 1769 657 1842 Aua,
686 1773 725 1852 ἢν
758 1770 894 1852 δύνηται,
922 1771 1067 1855 ποιῆσαι]
1102 1772 1181 1835 satis
1213 1770 1387 1836 difficulter

156 1879 286 1942 dativus
314 1877 418 1958 λόγοις
446 1893 521 1938 eum
549 1876 651 1940 verbo
678 1883 805 1958 ποιῆσαι
832 1877 929 1940 nimis
957 1877 1098 1941 distante
1122 1878 1331 1958 coniungitur
1355 1885 1386 1942 et

156 1987 236 2048 mire
265 1983 379 2062 partio.
411 1981 524 2055 ἐλθὼν,
554 1983 642 2062 quod
671 1983 767 2061 plane
796 1989 903 2056 vacat,
933 1983 1078 2046 additum
1107 1989 1172 2056 est;
1198 1984 1266 2047 veri
1288 1984 1386 2063 igitur

156 2091 262 2153 simile
291 2095 351 2164 est,
384 2089 421 2158 ἐς
447 2088 582 2170 λόγους
609 2088 821 2153 scribendum
845 2106 929 2164 esse,
956 2108 1033 2152 oum
1057 2089 1248 2168 praesertim
1271 2107 1381 2169 praep.

156 2198 187 2267 ἐς
209 2201 284 2276 post
308 2218 362 2265 -ας
385 2193 480 2258 facile
504 2195 655 2258 exoidere
679 2195 829 2274 potuerit.
874 2196 910 2259 ln
933 2195 1019 2259 idem
1040 2195 1206 2260 Herwerd.
1228 2194 1385 2260 incidisse

156 2303 261 2366 video.
857 2367 861 2376 ,
1330 2302 1334 2308 ’

246 2408 308 2480 85,
331 2408 363 2470 4.
397 2407 544 2470 κίνδυνόν
565 2431 597 2470 τε
619 2406 749 2470 τοσόνδε
771 2406 988 2489 ἀνερῤίψαμεν
1009 2443 1047 2452 -
1068 2407 1165 2477 ἰόντες
1184 2443 1226 2455 -·
1244 2407 1298 2470 καί
1320 2413 1383 2471 πᾶν

155 2516 189 2579 τὸ
215 2515 389 2598 πρόθυμον
415 2512 643 2596 παρεχόμενοι]
678 2513 790 2592 partio.
820 2537 856 2577 τε
889 2519 1047 2596 tanquam
1079 2515 1196 2580 seriem
1225 2515 1382 2579 orationis

156 2621 342 2686 turbantem
375 2625 566 2700 expungunt
597 2620 755 2696 editorem
795 2639 881 2700 quae
919 2628 1030 2686 tamen
1063 2639 1106 2684 an
1139 2621 1309 2688 retinenda
1342 2621 1383 2684 sit
1429 2659 1432 2666 ·

156 2729 279 2793 dubito.
342 2727 426 2790 Nam
459 2726 712 2791 Lacedaemonii
750 2726 827 2790 dum
866 2746 1030 2792 summum
1068 2728 1210 2792 studium
1245 2726 1383 2792 aderunt

156 2834 337 2914 perieulum
370 2832 480 2896 subire
512 2833 642 2913 proprie
675 2833 740 2896 diei
769 2851 836 2896 non
865 2840 1014 2914 possunt,
1050 2853 1116 2914 quo
1145 2833 1179 2896 sit
1207 2840 1243 2896 ut
1266 2834 1379 2912 partio.

156 2940 374 3023 παρεχόμενοι,
403 2940 430 3001 si
454 2940 650 3002 sententiam
674 2945 818 3018 spectes,
849 2941 891 3003 ad
915 2940 1053 3006 verbum
1076 2940 1291 3022 ἀνεῤῥίψομεν
1314 2957 1381 3002 non

155 3047 230 3112 item
258 3045 433 3126 pertineat;
469 3046 525 3108 sed
559 3050 692 3125 propter
719 3045 833 3125 partic.
859 3047 957 3117 ἰόντες
984 3046 1213 3125 interpositum
1241 3045 1381 3109 alterum

155 3153 299 3224 verbum,
322 3151 411 3230 quod
429 3151 657 3233 παρεσχόμεθα
677 3169 751 3216 esse
766 3150 889 3224 debuit,
912 3151 1050 3217 formam
1066 3151 1227 3231 participii
1242 3151 1377 3229 accepit.

156 3295 194 3304 -
219 3258 314 3338 Quod
342 3257 377 3320 in
405 3255 428 3341 ξ
456 3257 477 3321 6
510 3258 544 3320 in
572 3258 668 3321 codd.
702 3256 870 3322 scribitur:
906 3259 960 3322 καὶ
990 3257 1046 3340 τὴν
1079 3259 1177 3320 αἰτίαν
1209 3259 1276 3338 οὐχ
1308 3258 1380 3329 ἔξω

31 3347 32 3420 ff
154 3366 261 3448 πιστὴν
295 3364 518 3426 ἀποδεικνύναι
554 3365 621 3427 dtt’
656 3367 675 3446 ἢ
711 3364 823 3427 ἄδικον
858 3364 915 3447 τὴν
951 3363 1132 3446 ἐλευθερίαν
1168 3363 1324 3444 ἐπιφέρειν
1361 3366 1380 3444 ἢ

32 3522 35 3531 .
155 3471 290 3553 ἀσθενὴς
312 3507 355 3516 -
380 3471 524 3552 ἀφῖχθαι,
556 3476 646 3534 reete
679 3471 822 3534 editores
856 3472 954 3536 hodie
987 3470 1089 3534 verba
1120 3470 1175 3552 τὴν
1208 3469 1306 3532 αἰτίαν
1339 3469 1380 3532 ad

32 3542 33 3586 ἰ
154 3577 301 3656 proxima
333 3577 504 3656 superiora
535 3577 581 3639 ita
613 3576 768 3650 referunt,
805 3582 841 3640 ut
873 3595 1010 3642 oausam
1043 3595 1103 3640 our
1135 3575 1176 3640 ab
1209 3574 1380 3640 Acanthiis

33 3666 34 3670 ¹
155 3682 304 3746 Brasidas
331 3683 482 3762 repulsus
514 3684 564 3757 sit,
601 3701 667 3746 non
696 3701 756 3746 our
779 3684 1029 3750 Lacedaemone
1053 3682 1168 3747 exierit
1193 3679 1281 3766 (ιτῆς
1303 3683 1382 3765 ἐμῆς

34 3772 35 3818 l
155 3789 296 3865 ἐξόδου»,
323 3785 454 3873 schol),
485 3789 686 3870 intellegant.
737 3788 802 3853 Sed
826 3790 908 3855 mire
932 3806 991 3853 eos
1015 3786 1137 3863 fefellit,
1169 3788 1310 3852 orationi
1334 3789 1380 3852 sio

154 3895 335 3960 intellectae
365 3895 505 3958 ironiam
533 3895 666 3959 minime
691 3896 945 3962 convenientem
968 3895 1090 3970 inesse,
1127 3913 1202 3958 oum
1227 3893 1380 3958 Brasidas

154 4019 277 4076 causas,
305 4020 365 4064 our
386 4002 538 4082 repulsus
562 4000 665 4077 luerit,
692 4021 749 4066 eas
773 4003 862 4066 solas
887 4005 985 4068 edere
1009 4019 1108 4082 posse
1131 4001 1269 4074 dicatur,
1296 4019 1379 4081 quus

155 4108 326 4172 adversarii
359 4108 430 4172 eius
462 4105 590 4174 adferre
623 4109 795 4182 deberent;
830 4109 961 4175 aceedit
984 4110 1131 4186 insuper,
1164 4106 1254 4186 quod
1277 4104 1379 4170 duris·

156 4215 231 4279 sime
249 4213 401 4277 infinitivi
419 4215 575 4298 ἐπιφέρειν
594 4222 627 4280 et
644 4217 780 4299 ἀφῖχθαι
798 4233 819 4280 a
837 4216 947 4282 verbis
966 4215 1023 4298 τὴν
1041 4213 1139 4277 αἰτίαν
1158 4213 1380 4278 ἀποδεικνύναι

155 4321 301 4398 pendent,
337 4339 437 4402 quam
470 4323 749 4387 constructionem
778 4321 958 4388 similitudo
987 4317 1079 4387 verbi
1103 4318 1261 4399 simplicis
1284 4319 1379 4382 αἰτιᾶ-

156 4427 323 4492 adoreum
347 4428 436 4490 inlin.
462 4428 565 4490 iuneti
587 4445 702 4507 parum
726 4435 845 4492 tuetur.
896 4431 1010 4507 ltaque
1034 4427 1176 4499 conicio,
1210 4424 1253 4489 οὐ
1278 4423 1380 4497 δόξω

157 4535 305 4614 sodptum
334 4532 444 4609 fuisse,
476 4551 542 4612 qua
570 4534 732 4614 scriptura
755 4533 906 4598 restituta
930 4535 1043 4598 omnia
1065 4538 1155 4596 recte
1179 4549 1216 4595 se
1239 4526 1377 4593 liabent:
