3244 5060
729 366 771 430 39

143 543 202 608 Sed
227 545 312 607 haec
337 543 510 607 collocatio
535 545 738 623 pronominis
761 547 788 608 τὶ
812 547 953 611 maxime
976 548 1108 610 insolita
1131 554 1226 623 esset,
1253 555 1285 612 et
1310 566 1363 628 op-

141 652 215 713 time
243 651 367 714 locutio
397 651 514 713 usiiata
541 652 582 714 ἔτι
609 651 663 713 καὶ
690 657 746 714 νῦν
774 652 881 716 verbis
910 655 951 716 ἔτι
974 654 1027 716 καὶ
1049 653 1086 716 ἐκ
1112 660 1175 716 τῶν
1197 655 1365 736 παρόντων

140 759 291 832 variatur,
323 764 358 819 ut
386 757 547 836 scriptura
575 757 669 820 Laur.
700 759 787 822 haud
817 760 916 824 dubie
944 758 1157 840 praeferenda
1180 762 1230 824 sit.
1279 759 1365 824 Infra

141 864 179 927 ad
207 865 288 946 ἔχειν
317 864 404 943 quod
433 865 611 942 praecessit
639 863 776 929 fortasse
810 867 1060 931 convenientius
1078 867 1365 950 ’καταμέμφεσθαι

141 970 241 1034 Vatic.
268 970 399 1034 exhibet
420 967 527 1055 (Laur.
555 969 727 1057 quodni),
755 972 810 1051 qui
832 973 918 1036 idem
942 971 1003 1057 §2
1028 980 1101 1054 post
1124 974 1202 1037 κατὰ
1227 980 1308 1053 part.
1333 997 1365 1037 τε

140 1078 288 1140 servavit.
340 1077 433 1140 Laur.
465 1079 496 1147 ἐς
523 1077 559 1140 τὰ
588 1077 664 1140 ἄλλα
694 1079 838 1158 praebet,
866 1077 907 1142 cl.
935 1079 1036 1144 Stahl.
1064 1080 1105 1144 ad
1129 1093 1158 1143 c.
1185 1081 1238 1156 24,
1265 1081 1295 1144 3.
1322 1119 1365 1126 -

139 1181 259 1268 §3111
284 1184 389 1246 Vatic.
417 1189 475 1246 est.
503 1183 580 1266 (κατ’
606 1184 708 1267 ἀξίαν)
733 1185 804 1268 ἤδη,
830 1187 1050 1266 superscripto
1075 1187 1124 1269 δὴ,
1153 1185 1193 1250 cf.
1221 1188 1295 1251 adn.
1323 1189 1365 1250 ad

139 1308 165 1352 c.
192 1289 245 1364 55,
274 1291 303 1352 1.
330 1327 374 1334 —
396 1287 418 1374 ξ
441 1291 461 1352 4
486 1295 562 1355 ante
587 1291 713 1364 ὁπλῖται,
739 1299 854 1355 contra
878 1299 975 1373 atque
999 1293 1172 1368 indicatur,
1203 1295 1236 1356 ln
1267 1295 1361 1358 Laur.

140 1397 208 1459 solo
236 1396 306 1468 cim,
333 1397 367 1459 in
397 1398 500 1461 Vatic.
532 1398 565 1460 οἷ
589 1399 620 1460 οἱ
647 1399 804 1478 scriptum
834 1405 894 1462 est.
921 1437 962 1446 -
986 1398 1008 1484 ξ
1032 1399 1052 1463 5
1077 1400 1181 1464 Vatic.
1208 1407 1290 1480 part.
1316 1404 1364 1473 ἂν,

140 1521 236 1583 quam
259 1504 294 1565 in
319 1509 395 1568 cett.
423 1504 549 1585 syllaba
573 1505 626 1566 ἀν-
651 1505 770 1580 hausit,
802 1507 953 1569 servavit'.
980 1543 1023 1552 --
1045 1503 1068 1590 ξ
1091 1506 1112 1570 6
1140 1507 1245 1570 VatIc.
1275 1513 1364 1571 recte

139 1610 242 1692 ἐχυρῷ
265 1609 410 1689 praebet,
438 1613 522 1675 sicut
546 1611 582 1684 ll,
609 1611 662 1687 62,
684 1611 704 1674 5
726 1613 819 1675 Lam.
871 1613 918 1676 De
940 1613 1109 1693 participio
1133 1615 1297 1696 εἰρημένον
1321 1612 1361 1677 cf.

139 1717 209 1778 adn.
236 1735 311 1780 mea
335 1717 376 1780 ad
400 1717 450 1789 ΙΙΙ,
477 1716 530 1786 52,
558 1718 588 1780 2.
616 1756 659 1764 —
682 1719 718 1781 In
741 1717 763 1803 ξ
787 1721 805 1781 7
831 1720 948 1784 melius
980 1720 1082 1783 Vade.
1112 1721 1147 1783 τό
1174 1745 1210 1783 τε
1238 1721 1364 1802 ξύμπαν

140 1824 277 1898 exhibet,
306 1822 346 1887 cf.
374 1825 447 1886 adn.
475 1825 517 1887 ad
541 1824 725 1899 111,40‚4;
751 1827 785 1888 in
809 1827 926 1890 eodem
951 1832 1000 1890 est
1024 1826 1250 1910 draomdctqzc,
1275 1827 1363 1907 quod

141 1948 156 1992 c
189 1931 361 2013 ὁιαφύγητε
393 1931 481 2010 quod
515 1931 671 2010 sequitur,
708 1933 819 1996 nescio
849 1951 891 1996 an
921 1939 1122 2008 correctura,
1154 1940 1259 1996 ortum
1290 1952 1363 1998 csse

138 2039 203 2100 veri
227 2037 334 2100 simile
359 2042 423 2108 est;
450 2036 491 2101 el.
519 2037 599 2112 VIII,
626 2037 656 2113 2,
683 2039 714 2100 4.

228 2144 285 2212 78,
319 2145 339 2206 2
372 2144 487 2208 melius
515 2145 548 2206 in
578 2145 672 2208 Laur.
704 2145 904 2227 ε’φεπόμενον
934 2142 1171 2229 (subsequens)
1202 2165 1298 2227 quam
1329 2147 1363 2208 in

139 2252 239 2314 Vatic.
271 2251 409 2330 simplex
438 2250 599 2314 scribitur.
627 2289 669 2296 —
692 2249 714 2335 ξ
738 2251 758 2314 3
787 2253 1062 2331 praepositionem
1090 2253 1139 2314 ἐπὶ
1169 2249 1286 2337 (Vatic.
1317 2253 1360 2336 ἐν)

138 2363 210 2420 ante
229 2366 266 2440 τῇ
286 2357 426 2439 διαβάσει
445 2357 595 2436 positam,
619 2359 703 2421 sieut
719 2358 771 2432 80,
789 2357 809 2420 5
829 2359 878 2420 ἐπὶ
900 2367 946 2440 τῷ
968 2367 1104 2440 ποταμῷ
1125 2367 1171 2441 τῷ
1194 2359 1233 2422 K.
1251 2355 1358 2444 (Laur.

137 2464 244 2548 παρὰ),
281 2466 456 2541 genuinam
489 2481 561 2528 esse
593 2469 681 2528 recte
714 2465 870 2528 iudicavit
904 2465 1056 2529 Stahlius.
1083 2463 1171 2550 -·§
1199 2467 1220 2528 4
1246 2463 1268 2548 ᾗ
1297 2484 1359 2529 om.

142 2569 261 2642 Valle,
288 2569 310 2654 ξ
335 2570 355 2633 6
380 2571 464 2634 male
488 2571 628 2652 ἑκάτεραι
652 2571 747 2633 Laur.
775 2571 917 2650 praebet.

228 2676 285 2753 79,
310 2677 329 2738 2
355 2677 458 2740 Vatic.
484 2678 684 2759 ἀπεχώρουν
708 2677 848 2748 exhibet,
880 2679 937 2742 sed
963 2677 1002 2742 cf.
1029 2680 1126 2762 ἀναχ.
1150 2679 1200 2742 bis
1223 2679 1257 2740 in
1280 2677 1303 2762 ξ
1327 2678 1357 2740 5.

142 2819 178 2828 -
203 2782 225 2868 ξ
250 2783 270 2846 3
293 2785 327 2846 in
354 2784 454 2846 Vatic.
481 2785 590 2866 ἔτυχον
613 2784 681 2865 γὰρ
704 2785 766 2857 καὶ,
795 2783 933 2848 fortasse
962 2790 1150 2848 correctura
1183 2781 1235 2869 (cl.
1262 2785 1302 2846 ad
1330 2786 1358 2862 1,

138 2889 179 2974 3),
211 2891 367 2969 scriptum
397 2896 461 2960 est;
491 2891 577 2953 idem
606 2890 690 2953 iulia
719 2898 793 2970 post
815 2893 934 2973 μᾶλλον
958 2893 1071 2971 partic.
1099 2891 1158 2973 γὰρ
1181 2892 1290 2970 inepte
1314 2893 1360 2954 in-

23 3019 24 3022 *
139 2997 253 3061 culcat.
281 3035 323 3042 -
347 2995 369 3081 ξ
392 2998 413 3059 4
437 2997 541 3060 Vatic.
569 2997 653 3060 male
678 2997 809 3060 exhibet
831 2999 895 3060 καὶ
918 2998 936 3060 ὁ
959 2998 1137 3070 Γύλιπποςς
1168 3005 1266 3070 recte,
1295 3000 1359 3078 opi-

139 3121 205 3176 nor,
242 3109 316 3183 post
349 3103 597 3186 ἀποτειχιαῡντας
630 3103 703 3166 adv.
731 3103 771 3166 αὖ
804 3105 948 3184 praebet,
986 3122 1174 3184 quanquam
1208 3106 1234 3167 si
1267 3105 1361 3169 abest

139 3211 269 3274 minime
297 3210 515 3282 desideratum
547 3216 579 3274 et
607 3208 647 3272 cf.
673 3210 761 3274 idem
785 3211 920 3274 verbum
944 3212 979 3273 in
1002 3211 1165 3290 plerisque
1191 3212 1286 3275 codd.
1313 3214 1358 3274 in·

138 3323 257 3380 sertum
279 3317 310 3380 c.
338 3315 390 3390 25,
417 3317 447 3379 9.
479 3353 521 3362 -
553 3315 575 3401 ξ
599 3315 619 3379 5
643 3315 720 3398 μετὰ
742 3323 837 3380 ταῦτα
863 3315 980 3402 (Vatia.
1006 3341 1038 3398 μ.
1062 3315 1163 3402 τοῦτο)
1194 3319 1234 3381 de
1262 3319 1359 3381 variis

137 3423 303 3488 itineribus
326 3423 574 3486 AthenIensium
594 3425 673 3486 satis
693 3423 856 3487 convenit.
906 3423 1026 3488 Eadem
1043 3424 1262 3504 discrepantia
1276 3425 1356 3501 VIII,

139 3529 187 3605 19,
216 3531 231 3592 1
258 3529 428 3593 codicibus
450 3530 544 3602 inest,
571 3531 627 3593 ubi
649 3531 808 3594 videatur.

225 3636 284 3713 80,
312 3637 326 3698 1
353 3638 386 3698 in
411 3635 516 3698 Vatic.
539 3637 610 3699 solo
631 3641 706 3700 ante
727 3637 863 3701 verbum
882 3637 1063 3719 ἐπιτηδείων
1081 3639 1194 3716 partic.
1215 3663 1247 3702 τε
1266 3657 1358 3718 prop-

137 3748 183 3806 ter
205 3745 391 3807 iuncturam
415 3743 512 3821 paulo
531 3744 815 3807 inconcinniorem
835 3743 1067 3818 membrorum,
1089 3745 1215 3822 opinor,
1238 3747 1360 3809 omissa

138 3857 193 3925 cst,
229 3867 315 3930 quae
348 3849 435 3928 apud
466 3848 687 3930 Thucydidem
721 3851 808 3913 haud
841 3849 973 3913 insolita
1004 3856 1062 3924 est,
1098 3848 1138 3913 cf.
1170 3851 1286 3932 Krueg.
1317 3853 1359 3914 ad

138 3957 172 4030 V,
201 3960 250 4034 ll,
271 3958 287 4020 1
307 3954 368 4042 (2),
395 3956 461 4031 Vll,
488 3956 540 4030 84,
568 3957 598 4027 3,
625 3957 706 4020 Plat.
729 3957 815 4038 apol.
837 3977 868 4036 p.
891 3957 933 4020 36
954 3975 988 4032 a;
1019 3958 1144 4021 sivero
1164 3959 1358 4022 sententiam

137 4072 271 4143 spectes,
305 4065 336 4126 h.
363 4063 383 4126 l.
411 4063 572 4142 particula
599 4064 720 4126 Invitus
749 4081 874 4127 careas
909 4099 953 4110 -—
985 4062 1071 4126 Inlia
1102 4063 1135 4124 in
1171 4064 1273 4128 Vatic.
1309 4071 1360 4128 est

136 4173 332 4242 καύσαντας,
357 4169 446 4250 quod
470 4171 602 4234 minime
628 4171 807 4250 scripturae
838 4171 931 4233 Laur.
962 4170 1148 4239 καύσαντες
1175 4168 1356 4249 praeferen-

136 4278 208 4341 dum
229 4284 288 4353 est,
312 4295 387 4340 cum
406 4277 440 4338 in
460 4277 534 4340 loco
555 4277 719 4340 simillimo
739 4297 767 4340 c.
791 4278 842 4352 74,
868 4278 882 4338 1
904 4277 938 4338 ln
953 4276 1155 4338 nominativo
1170 4275 1356 4354 praebendo

135 4384 165 4447 hi
188 4385 320 4449 codices
345 4384 566 4456 consentiant;
593 4402 654 4448 nec
678 4383 773 4448 flocci
798 4381 938 4446 faciendi
963 4387 1039 4444 sunt
1062 4381 1127 4444 loci
1152 4400 1235 4461 quos
1263 4383 1357 4461 quasi

135 4493 253 4556 similes
281 4489 389 4554 attulit
416 4488 460 4551 ibi
486 4487 684 4564 ClasseniuS,
712 4509 852 4570 quorum
876 4488 1005 4551 duobus
1032 4486 1065 4572 (I,
1092 4485 1145 4562 31,
1172 4487 1208 4558 2;
1243 4485 1295 4561 53,
1325 4485 1356 4572 1)

134 4600 339 4664 accusativus
374 4592 437 4680 (vel
471 4593 610 4680 dativus)
645 4595 846 4658 locutionem
874 4595 981 4667 ἔδοξεν
1008 4594 1111 4661 αὐτοῖς
1140 4593 1230 4657 nullo
1259 4594 1356 4658 inter·
