3262 5052
737 315 805 396 105
822 325 824 330 ·

153 508 209 575 illu
250 510 407 597 [delubra]
434 506 689 594 fundaverunt
720 515 753 574 et
784 505 1030 583 condiderunt,
1066 503 1247 586 instituta).
1310 507 1375 572 Sed

152 637 248 699 quam
277 617 500 682 membrorum
527 616 792 697 aequabilitatem
820 617 964 682 sermoni
987 617 1094 680 inesse
1117 614 1172 680 ille
1196 615 1374 690 contendit,

32 731 35 738 '
153 744 190 790 ea
213 725 390 789 artificiosa
413 725 544 788 demmn
568 724 742 803 partitione
766 723 921 788 constitui
944 729 1060 803 potest,
1087 739 1159 786 nec.
1186 722 1214 784 si
1232 722 1376 786 sermoni

152 834 245 908 inest,
272 832 389 896 ultimo
412 830 560 894 membro
584 829 781 910 amplificato
801 830 960 894 turbatur.
1002 829 1194 894 Genetivum
1212 835 1276 892 τῶν
1293 829 1375 891 elcu-

150 941 257 1020 μα’νων
289 939 462 1002 durissime
496 955 571 1002 cum
602 938 716 1008 θυσίας
747 937 835 1018 iungi
866 937 900 1000 in
933 937 1055 1017 liquido
1088 943 1152 1012 est,
1187 934 1377 1016 praesertim

152 1065 226 1109 cum
255 1045 297 1109 ad
325 1045 542 1127 ἀφαιρήσεσθε
564 1050 598 1109 et
620 1044 789 1126 genetivus
812 1049 844 1108 et
867 1044 1076 1108 accusativus
1099 1043 1315 1122 requirantur,
1345 1049 1377 1106 et

152 1153 282 1217 obiecto
319 1150 485 1231 personali
517 1148 703 1214 difficillime
736 1169 896 1215 caremus.
956 1149 1114 1230 Apparet,
1153 1150 1377 1232 Thucydidem

152 1261 291 1324 eandem
314 1276 385 1322 rem
408 1257 537 1321 duabus
559 1241 743 1322 rationibus
766 1258 811 1321 ita
833 1257 1106 1337 pronuntiavisee,
1137 1263 1174 1320 ut
1196 1263 1230 1322 et
1252 1257 1376 1338 religio-

151 1385 230 1429 num
263 1371 297 1430 et
329 1364 491 1428 cultorum
523 1365 684 1430 rationem
717 1364 867 1437 haberet;
902 1382 978 1428 nam
1003 1363 1251 1428 Plataeensibus
1281 1364 1376 1428 inter·

152 1473 246 1537 lectis
279 1478 312 1536 et
344 1467 491 1535 delubra
524 1467 670 1536 deorum
704 1466 843 1534 destitui
875 1469 907 1556 (i.
934 1490 962 1536 e.
990 1470 1171 1534 cultoribus
1194 1469 1314 1556 orbari)
1345 1477 1379 1536 et

152 1575 349 1644 conditores
380 1575 411 1662 (i.
438 1595 467 1640 e.
495 1576 716 1650 Plataeenses‚
752 1577 807 1657 qui
838 1577 910 1642 iura
942 1577 1148 1650 conditorum
1179 1575 1376 1662 retinebant)

152 1681 341 1774 sacrificiis
358 1679 504 1767 privari
528 1681 560 1768 (i.
581 1701 610 1748 e.
637 1701 678 1747 ne
702 1683 862 1748 sacrificia
888 1682 1034 1750 lacerent
1055 1683 1215 1770 impediri)
1240 1701 1377 1750 necesse

152 1801 221 1858 erat
247 1791 300 1876 (cl.
318 1792 429 1856 adnot.
447 1787 576 1874 Pupp).
615 1791 730 1870 Neque
754 1795 865 1854 tamen
889 1789 1033 1856 loturum
1057 1797 1262 1856 contractum
1287 1790 1379 1855 verbi

154 1901 294 1984 ἐρημοῦν
318 1899 399 1963 locis
421 1896 630 1962 aClassenio
654 1897 781 1982 adlatis
796 1898 875 1962 satis
898 1897 1147 1978 comprobatum
1172 1904 1231 1970 est,
1258 1904 1293 1961 ut
1316 1896 1377 1961 for·

153 2014 241 2072 tasse
265 2012 354 2072 recte
378 2005 544 2070 Herwerd.
570 2005 771 2087 ἐρημώσειε
794 2004 892 2069 scribi
914 2005 1055 2070 iusserit.

245 2112 305 2190 59,
329 2112 360 2176 2.
395 2111 492 2182 θεοὺς
518 2111 591 2182 τοὺς
617 2112 864 2194 ὁμοβωμίους
890 2112 944 2176 καὶ
971 2110 1097 2182 κοινοὺς
1118 2117 1183 2176 τῶν
1201 2107 1377 2192 Ἑλλήνων]

156 2220 300 2286 Stahlius
333 2219 499 2283 Dukerum
532 2223 664 2282 secutus
697 2237 755 2282 eos
788 2218 868 2283 deos
899 2217 1136 2299 intellegendos
1168 2235 1242 2282 esse
1274 2221 1376 2297 putat,

158 2328 297 2408 equibus
322 2327 539 2392 communiter
561 2326 595 2388 in
618 2325 734 2390 eadem
758 2345 815 2390 ara
838 2343 934 2390 sacra
953 2325 1071 2400 liunt»;
1097 2326 1215 2405 quain
1233 2341 1269 2389 re
1288 2323 1379 2388 nulla

156 2452 257 2499 causa
286 2439 366 2508 erat,
398 2451 457 2496 cur
484 2450 542 2497 eos
566 2432 776 2497 Plataeenses
799 2439 1006 2498 testarentur.
1054 2430 1119 2496 Sed
1143 2431 1260 2497 melius
1284 2431 1377 2496 scho-

156 2543 266 2606 liastes
297 2541 542 2620 interpretatur:
576 2538 649 2610 τοὺς
677 2541 874 2623 τιμωμένους
900 2541 933 2604 ἐν
959 2545 1024 2610 τοῖς
1050 2540 1156 2610 αὐτοῖς
1182 2539 1236 2604 καὶ
1259 2538 1379 2620 ὁμοίοις

155 2650 278 2730 βωμοῖς
299 2649 320 2710 i.
347 2666 376 2711 e.
403 2646 522 2727 quibus
549 2647 692 2710 universi
717 2645 834 2712 Graeci
860 2647 893 2711 in
917 2646 1033 2710 iisdem
1056 2646 1122 2710 aris
1147 2642 1247 2729 (velut
1271 2643 1377 2726 Olym·

156 2757 242 2834 piae,
279 2753 424 2839 Delphis)
458 2753 509 2817 vel
542 2754 576 2816 in
609 2771 669 2817 sua
702 2755 823 2834 quique
857 2755 988 2818 civitate
1021 2753 1118 2816 simili
1151 2752 1250 2817 modo
1283 2769 1379 2814 sacra

156 2861 329 2935 faciebant,
362 2867 398 2924 ut
425 2858 492 2925 fere
520 2861 606 2926 idem
630 2866 729 2941 atque
752 2861 840 2942 quod
865 2862 1013 2942 sequitur
1035 2857 1161 2929 κοινοὺς
1184 2861 1235 2922 sit.
1285 2857 1378 2922 Simi-

156 2969 228 3033 liter
258 2967 514 3048 intellessendum
547 2974 597 3031 est
628 2967 823 3032 adiectivum
849 2969 1013 3050 ὁμωχέτης
1038 2964 1102 3052 (Ν,
1130 2965 1183 3038 97,
1209 2962 1253 3048 4),
1290 2965 1379 3045 quod

157 3075 290 3144 σύνναος
312 3080 345 3138 et
367 3073 555 3156 ὁμωρόφιος
573 3073 692 3138 Suidae
716 3080 748 3138 et
772 3075 908 3139 Photius
930 3075 1193 3152 interpretantur.
1211 3071 1379 3136 —Verba

156 3199 240 3261 quae
263 3181 410 3261 proxime
434 3186 631 3260 sequuntur:
664 3181 709 3264 μὴ
738 3183 930 3264 ἀμνημονεῖν
958 3180 1053 3244 ἱκέται
1077 3179 1250 3262 γιγνόμεθα
1273 3179 1380 3259 ὑμῶν

155 3294 226 3351 νῶν
257 3288 446 3369 πατρῴων
477 3288 606 3370 τάφων
637 3289 685 3352 sio
718 3286 784 3352 fere
816 3295 947 3352 vertunt
978 3286 1120 3352 editores
1148 3283 1262 3371 [class.
1289 3285 1379 3348 solus

155 3395 199 3477 μὴ
228 3396 421 3477 ἀμνημονεῖν
448 3394 488 3458 ad
516 3395 751 3477 προφερόμενοι
773 3395 945 3458 durissime
968 3390 1094 3477 relertlz
1130 3397 1168 3458 ut
1194 3409 1238 3456 ne
1264 3387 1380 3473 obliui-

156 3497 307 3566 scamlni
335 3517 456 3565 eorum
486 3496 544 3584 (sc.
569 3506 633 3566 τῶν
656 3500 789 3585 ὅρκων),
823 3496 990 3584 sepulcris
1012 3501 1159 3582 potrum
1184 3501 1380 3565 uestrorum

156 3603 324 3690 supplices
346 3625 477 3685 sumus,
507 3626 592 3689 quae
620 3627 682 3674 nec
706 3607 823 3674 Graeci
853 3627 915 3674 nec
947 3608 1082 3672 humani
1113 3606 1275 3672 sermonis
1306 3623 1380 3670 esse

157 3715 270 3780 videns
294 3713 439 3778 Cobetus
473 3713 560 3798 (nov.
587 3716 662 3779 lect.
688 3735 719 3796 p.
746 3713 823 3802 346)
859 3722 932 3796 post
964 3717 1057 3798 ὑμῶν
1088 3731 1237 3796 praepos.
1267 3711 1380 3793 πρὸς1

158 3821 341 3886 addendam
374 3837 447 3885 esse
480 3823 618 3886 censuit.
668 3821 732 3887 Sed
766 3824 828 3889 hec
863 3823 1002 3888 audacia
1034 3820 1168 3886 minime
1202 3838 1285 3900 opus
1317 3827 1379 3895 est,

158 3945 231 3992 cum
256 3933 384 4008 poetae,
412 3947 495 4008 quos
519 3929 665 4010 sequitur
681 3929 866 3994 Herodotus
882 3929 947 4016 (Vl,
965 3929 1023 3995 68:
1049 3952 1083 3992 σε
1104 3931 1295 4012 μετέρχομαι
1317 3931 1382 3992 τῶν

157 4035 244 4098 θεῶν
267 4033 383 4119 εἰπεῖν),
418 4036 605 4115 genetivum
637 4036 763 4100 nudum
795 4038 904 4102 verbis
922 4031 1100 4120 precandi
1123 4037 1301 4116 adiungant
1325 4032 1378 4119 (cl.

157 4139 294 4221 Madvig.
321 4148 405 4223 synt.
430 4139 453 4226 ξ
476 4139 516 4203 61
543 4141 563 4205 b
587 4142 662 4206 adn.
690 4139 745 4229 21)
780 4149 813 4206 et
844 4145 940 4209 ῑκέναι
972 4143 1146 4226 γιγνόμεθα
1178 4142 1272 4223 ὑμῶν
1294 4141 1381 4206 idem

247 4405 256 4436 ¹
275 4405 353 4460 Hanc
371 4403 600 4474 praepositionem
611 4406 630 4472 l,
642 4403 714 4471 74,4
728 4413 792 4462 ante
810 4407 879 4474 ὑμᾶς
897 4383 1033 4464 excidisse
1052 4407 1108 4462 veri
1127 4405 1216 4463 simile
1235 4409 1277 4459 est
1295 4404 1339 4473 (cl.
1350 4404 1381 4468 ll,

157 4493 199 4558 83,
216 4494 255 4558 l);
275 4493 343 4548 mire
362 4494 434 4548 enim
453 4493 540 4550 verba
558 4493 622 4548 illd
640 4493 717 4548 καθ’
738 4497 876 4564 ἡσυχίαν
893 4495 925 4548 ἂν
943 4496 1015 4563 αὐτῷ
1032 4497 1181 4564 προεχώρει
1195 4492 1227 4548 τὰ
1244 4493 1382 4562 πράγματα

157 4579 175 4648 ᾗ
193 4581 314 4650 ἐβούλετο
332 4581 486 4637 sententiae
504 4581 678 4651 praecedenti
697 4581 732 4638 de
752 4585 977 4640 Lacedaemoniis
996 4585 1101 4654 positae
1120 4587 1302 4656 opponuntur.
