3244 5060
729 325 772 390 23

141 523 181 568 (ιιι
209 505 272 566 hac
299 503 459 582 scriptura
486 503 559 567 edd.
589 502 788 568 recentiores
811 504 912 567 αὐτοὶ
936 503 1121 570 effecerunt.
1163 506 1235 572 ,Sed
1266 527 1357 588 pron.
1400 575 1402 580 ,

143 609 230 672 αὐτοὶ
253 610 307 672 hic
331 610 371 673 ad
395 609 470 673 vbb.
497 611 556 692 οὐχ
578 611 735 692 ἡσσᾶσθαι
757 610 896 674 relatum
920 610 1079 688 abundat;
1112 620 1226 678 contra
1252 615 1360 678 verbis

142 716 181 779 δι’
212 715 288 779 αὐτὸ
313 717 419 779 ...δι’
446 717 523 798 ὅπερ
548 717 668 796 optime
696 717 733 798 «ἡ
758 716 907 800 οὐτότης»
933 735 1045 781 earum
1068 737 1191 797 rerum,
1222 721 1360 801 quasin

142 823 381 886 diversissimas
396 829 504 902 partes
516 822 813 903 interpretabantur
826 831 1018 904 pugnantes
1036 825 1244 906 significatur,
1262 846 1359 908 quam

140 929 244 1008 ipsam
271 929 405 993 obrem
429 929 547 993 ὃιόὐτὸ
570 947 629 1010 pro
653 929 772 992 usitato
797 929 847 993 διὰ
869 936 959 994 τοῦτο
979 929 1042 1016 (vel
1062 931 1112 995 διὰ
1130 932 1245 1019 τοῦτὸ),
1273 935 1360 1014 quod

140 1037 276 1116 requirit
301 1034 453 1108 Stabbus,
480 1037 619 1116 positum
644 1055 716 1100 esse
741 1037 877 1100 videtur.
926 1035 1011 1102 Infra
1033 1039 1145 1118 partic.
1172 1041 1233 1113 καὶ,
1262 1059 1360 1121 quam

142 1141 246 1206 Vatia.
283 1142 373 1206 solus
398 1149 481 1207 ante
513 1143 592 1206 πολὺ
628 1140 674 1228 (in
705 1143 813 1207 πολλοὶ
841 1150 1039 1224 corruptum,
1071 1163 1114 1208 an
1141 1143 1358 1230 correctumi)

141 1249 328 1330 ἐκρατοῦντο
352 1250 450 1325 addit,
481 1249 544 1314 hoc
572 1247 711 1326 facilius
744 1253 869 1329 opinor,
901 1269 1061 1327 caremus
1088 1252 1176 1332 quod
1200 1253 1361 1317 sententia

141 1355 293 1434 negativa
325 1361 388 1430 est;
424 1353 463 1418 cf.
498 1361 609 1420 tamen
641 1356 682 1420 ad
715 1356 769 1431 41,
800 1357 831 1418 4.
858 1393 902 1402 -—
929 1357 965 1419 ln
993 1357 1110 1422 eodem
1139 1356 1222 1422 infra
1250 1359 1294 1422 ὅτι
1321 1360 1360 1422 οὐ

142 1461 234 1544 (πολὺ
257 1461 382 1544 ἐνίκων)
407 1481 465 1541 pro
489 1462 591 1545 εἰμὴ,
615 1463 703 1543 quod
726 1463 761 1526 iu
785 1463 902 1527 ceteris
926 1463 1020 1527 codd.
1043 1463 1203 1540 scribitur,
1230 1465 1271 1528 ad
1295 1483 1359 1528 scr·

141 1587 272 1632 monem
297 1569 488 1632 variandum
513 1565 565 1652 (cf.
593 1569 667 1632 adn.
694 1569 736 1632 ad
759 1569 790 1644 6,
819 1567 849 1654 1)
874 1569 1015 1649 positum
1039 1588 1111 1634 esse
1134 1571 1276 1648 videtur;
1302 1572 1358 1634 mi·

140 1676 227 1739 nime
261 1675 392 1754 quidem
425 1675 572 1755 repetitio
607 1676 840 1754 particularum
873 1675 1031 1755 displicet.
1080 1677 1115 1740 ln
1148 1677 1212 1742 fine
1245 1679 1360 1758 capitis

143 1782 246 1847 Vatia.
269 1781 449 1864 ἒτελεντήθη
476 1780 520 1866 (in
544 1806 590 1864 γρ.
614 1781 762 1864 ἐτελεύτα)
788 1782 932 1862 praebet,
954 1783 1041 1862 quod
1061 1783 1102 1846 ab
1123 1785 1360 1849 consuetudine
1475 1817 1478 1823 ·

140 1888 297 1968 loquendi
321 1888 530 1968 Thucydideo
553 1888 716 1952 abhorret.

232 1995 290 2072 35,
318 1995 333 2057 1
364 2012 422 2074 pro
450 1993 627 2076 Θουριάδος
644 1995 760 2058 'Vatie
790 1995 922 2060 exhibet
948 1995 1180 2078 Θονριδάτιὸος,
1205 1998 1291 2078 qued
1320 2016 1360 2062 ex

144 2100 351 2183 Θονριάτιὸος
375 2107 562 2181 corruptum
588 2120 660 2166 esse
683 2101 820 2178 videtur,
848 2100 887 2166 cf.
909 2105 1154 2191 uomengentis
1178 2103 1360 2186 Θονριᾶτοι;

140 2208 199 2272 sed
227 2206 368 2289 Θουριὰς
391 2208 583 2272 auctoritate
608 2206 764 2286 Stephani
789 2193 958 2288 Byzantini
981 2208 1135 2272 firmatur.

234 2314 292 2392 36,
318 2314 337 2376 2
362 2314 475 2393 partic.
501 2339 540 2387 τε,
565 2332 649 2394 quae
672 2333 730 2394 per
753 2315 927 2396 synchysin
951 2315 1057 2394 posita
1080 2321 1129 2380 est
1153 2312 1206 2400 (οΙ.
1233 2315 1285 2392 31,
1311 2315 1356 2401 5),

141 2422 261 2485 omittit
293 2420 410 2496 Vatia,
446 2422 500 2500 qui
529 2420 615 2485 idem
643 2421 751 2484 minus
779 2421 863 2484 bene
887 2420 969 2485 εἶδον
992 2441 1051 2502 pro
1074 2423 1191 2486 ἐνεῖδον
1214 2422 1357 2502 praebet.

139 2525 228 2592 Infra
250 2527 285 2590 in
309 2527 402 2590 Laur.
430 2533 479 2591 est
498 2527 761 2608 ἕπισκευασμένσι,
781 2527 867 2591 unde
886 2528 1154 2610 ἕπεσκειιασμένοι
1172 2527 1278 2594 effecit
1293 2512 1358 2592 tira-

139 2653 202 2698 nus
219 2651 310 2712 sec„
343 2651 426 2713 quae
449 2634 483 2696 in
507 2657 553 2715 γρ.
577 2635 772 2712 scripturam
796 2634 900 2697 Vatic.
927 2635 1202 2716 ἐπισκευασάμενοι
1225 2635 1356 2698 addidit.

141 2741 283 2821 Utraque
320 2740 398 2804 satis
436 2741 597 2803 convenit.
634 2777 677 2786 —
710 2739 732 2826 ξ
760 2740 779 2803 3
809 2747 888 2803 extr.
919 2741 1114 2824 ἀντίπρῳροι,
1144 2741 1231 2821 quod
1260 2741 1355 2804 codd.

138 2847 322 2928 praebetur,
353 2847 386 2910 in
414 2845 631 2928 ἀντιπρῴροις
660 2847 802 2912 correxit
831 2847 998 2924 Reiskius‚
1029 2848 1082 2910 cui
1110 2847 1254 2926 plerique
1282 2847 1354 2910 edd.

26 3003 31 3016 .
140 2955 266 3018 assensi
281 2961 371 3030 sunt;
389 2953 466 3016 mibi
481 2953 613 3033 quidem
623 2955 732 3032 magis
746 2953 853 3032 placet
868 2953 970 3018 lenior
980 2953 1145 3032 Poppouis
1160 2953 1355 3030 emendatio

140 3063 204 3141 q'ua
227 3078 327 3140 supra
351 3059 471 3142 (διὰτὸ
493 3058 552 3141 μὴ)
577 3059 812 3142 ἀντιπρῴρους
836 3059 997 3122 scribitur.
1045 3059 1131 3123 Nihil
1159 3060 1246 3124 enim
1270 3067 1358 3124 certe
1438 3121 1443 3134 ,

140 3168 179 3230 ad
202 3167 293 3231 illam
317 3165 597 3245 comprobandam
621 3165 707 3230 valet
730 3166 824 3229 locus
846 3165 900 3241 40,
927 3165 963 3228 5:
988 3171 1053 3236 ταῖς
1075 3166 1181 3230 ναυσὶν
1204 3166 1357 3248 ἀντιπρῴ-

139 3297 204 3354 ροις
226 3273 394 3356 χρώμενοι,
425 3271 482 3334 ubi
506 3272 547 3336 de
571 3271 720 3348 navibus,
752 3290 819 3336 non
843 3272 883 3336 de
910 3272 1153 3336 incursionibus
1181 3273 1294 3352 agitur,
1327 3279 1358 3336 et

141 3377 222 3442 infra
238 3376 272 3464 (ξ
286 3375 318 3463 5)
336 3378 376 3441 ad
397 3378 549 3441 codicum
565 3378 758 3457 scripturam
779 3377 825 3460 (τὸ
840 3379 1035 3460 ἀντίπρωρον
1050 3379 1233 3460 ξνγκρούσει
1248 3379 1355 3454 Laur,

141 3484 174 3548 τὸ
197 3487 224 3548 ἀ.
249 3489 440 3566 ξυγκροῦσαι
458 3484 577 3559 Vatia,
602 3482 655 3547 τὸν
678 3485 706 3546 ἀ.
726 3485 911 3566 συγκρούσει
929 3486 1001 3550 Vat.
1023 3485 1083 3568 γρ.)
1108 3487 1240 3566 propius
1260 3503 1359 3565 quam

143 3591 329 3673 ἀντιπρῴρῳ
361 3591 553 3672 ξυγκρούσει,
582 3590 669 3669 quod
699 3589 843 3654 Stahlius
871 3593 1003 3671 recepit,
1044 3593 1170 3684 aceedit
1201 3599 1247 3674 τῷ
1278 3592 1357 3654 ἀντί-

144 3721 272 3779 πρῳρον
305 3699 494 3777 ξυγκροῦσαι
527 3693 656 3780 (Clusa)
695 3696 746 3760 vel
778 3705 825 3779 τῷ
855 3699 1044 3780 ἀντίπρῳροι
1075 3701 1100 3771 ξ.
1134 3695 1290 3783 (Krueg.),
1324 3699 1359 3762 in

146 3803 261 3882 quibus
284 3802 505 3866 locutionibus
534 3802 729 3865 adiectivum
757 3804 798 3866 ad
826 3805 975 3868 homines
1005 3805 1094 3884 ipsos
1126 3804 1265 3868 relatum
1296 3811 1355 3868 est.

146 3906 310 3988 Scriptura
341 3909 528 3990 παρέχοντες
560 3909 705 3988 possitne
737 3907 866 3973 defendi
899 3911 1022 3986 dubito,
1057 3911 1114 3974 sed
1148 3929 1166 3974 c
1199 3911 1358 3990 scriptura

145 4013 294 4078 Vaticani
321 4015 461 4084 παίοντες
487 4015 542 4076 vix
570 4015 646 4078 oriri
670 4017 783 4095 potuit,
809 4023 844 4079 ut
867 4017 949 4080 haec
973 4017 1150 4080 correctori
1174 4017 1281 4096 potius
1305 4017 1356 4080 tri-

145 4118 273 4185 buenda
297 4121 347 4182 sit.
396 4121 547 4185 Fortasse
570 4123 791 4204 προσέχοντες
814 4119 1048 4208 (intendentes
1071 4141 1117 4186 se.
1138 4123 1191 4192 τὰς
1209 4119 1356 4205 ἐμβολὰς)

145 4227 298 4307 seriptum
321 4223 388 4290 fuit.
414 4265 458 4272 —
480 4225 502 4312 ξ
524 4225 545 4290 5
569 4228 674 4292 Vatic.
701 4246 870 4308 perperam
899 4229 1029 4310 μάλιστα
1052 4229 1156 4298 αὐτοῖς
1176 4228 1357 4310 χρήσεσθαι,

144 4331 176 4394 in
204 4357 250 4415 γρ.
277 4333 392 4414 μάλιστ’
422 4336 460 4396 ἂν
488 4333 575 4396 αὐτοὶ
601 4335 773 4416 χρήσεσθαι
801 4335 943 4414 praebet.
999 4333 1107 4398 Verba
1132 4334 1271 4397 πλεῖστον
1298 4332 1357 4416 γὰρ

145 4437 175 4500 ἐν
202 4441 290 4521 αὐτῷ
316 4441 438 4522 σχήσειν
461 4439 598 4504 fort-asse
621 4441 702 4504 verti
725 4440 814 4504 licet:
845 4459 1021 4506 summum
1050 4435 1227 4503 utilitatem
1256 4436 1289 4502 in
1315 4456 1358 4502 aa

146 4561 183 4610 re
206 4541 387 4610 habituros
410 4565 492 4623 esse,
518 4544 559 4610 of.
587 4547 667 4610 Xen.
692 4546 795 4609 Anah.
822 4546 872 4620 ΙΙΙ,
900 4547 930 4621 2,
960 4547 1014 4609 17:
1039 4551 1128 4608 τοῦτο
1150 4551 1239 4626 μεῖον
1261 4545 1355 4624 ἔχειν;
