3244 5060
834 313 878 377 80

244 493 273 557 εἰ
302 497 378 556 ante
410 491 617 573 ἐπολιόρκουν
650 492 787 556 inseruit
811 491 988 556 Bekkerus.
1038 490 1103 555 Sed
1126 490 1259 554 minime
1283 490 1392 570 placet
1416 507 1472 569 op-

246 598 363 680 positio
386 598 562 662 verborum
586 598 800 680 ἐφορμοῦντες
822 606 854 663 et
877 598 1084 680 ἐπολιόρκουν
1106 599 1260 680 μένοντες,
1285 614 1369 678 quae
1395 613 1473 659 cunr

244 707 324 770 illud
357 706 420 769 nisi
453 705 494 770 de
527 703 697 769 obsidione
730 705 854 769 dictum
887 723 960 770 esse
993 723 1060 769 non
1093 706 1197 785 possit
1223 705 1308 769 inter
1330 723 1366 769 se
1391 702 1472 766 nihil

245 811 406 889 differunt,
433 829 540 892 neque
565 812 592 874 si
616 812 792 876 discrimen
815 812 982 893 quoddam
1005 813 1104 876 statui
1127 813 1240 892 possit.
1266 812 1342 877 ideo
1366 809 1472 875 oratio

245 918 330 984 bene
354 925 545 983 constructa
569 919 625 991 sit;
660 919 728 983 veri
751 919 848 1000 igitur
872 919 1009 982 similius
1033 924 1092 997 est,
1118 919 1232 1000 partic.
1259 919 1474 1002 ἐφορμοῦντες

246 1026 287 1090 ad
319 1026 403 1089 tarot.
430 1026 498 1108 μέν.
531 1025 732 1106 adscriptum
764 1031 796 1090 et
828 1027 941 1106 partic.
974 1027 1002 1089 εἰ
1027 1027 1061 1088 in
1088 1028 1108 1108 ἢ
1137 1031 1325 1106 corruptam
1357 1023 1469 1094 luisse.

246 1149 312 1213 quo
336 1130 424 1196 iacto
448 1132 632 1212 proximum
656 1138 736 1208 erat,
766 1137 802 1196 ut
826 1135 845 1216 ἢ
871 1138 947 1197 ante
972 1133 1133 1216 διέστησαν
1156 1133 1340 1198 adderetur.
1389 1132 1472 1195 Lau-

245 1240 430 1304 rentianum
454 1238 670 1319 glossematis
707 1239 825 1320 quibus
850 1240 951 1304 ceteri
976 1239 1071 1304 codd.
1097 1237 1209 1304 inlecti
1233 1245 1319 1316 sunt,
1354 1257 1474 1319 purum

246 1347 311 1410 iarn
335 1345 388 1422 53,
416 1345 452 1418 3;
487 1345 540 1422 66,
567 1345 603 1419 3;
639 1345 692 1421 68,
718 1345 963 1432 21ιινθοίιηασ;
1000 1344 1041 1410 ci.
1068 1347 1165 1411 etiarn
1190 1347 1242 1422 lV,
1272 1345 1323 1418 15.
1350 1345 1380 1421 2,
1416 1345 1475 1409 ubi

246 1453 332 1518 idern
364 1453 454 1516 solus
483 1453 597 1532 partic.
623 1455 642 1535 ἢ
667 1453 809 1516 insiticia
831 1459 938 1517 vacat.
964 1489 1009 1500 --
1031 1454 1068 1516 ln
1094 1453 1196 1518 Vatic.
1224 1454 1296 1518 solo
1320 1452 1476 1517 scribitur

247 1561 369 1642 οὔσης,
402 1559 462 1623 sed
489 1559 530 1623 de
558 1558 697 1622 navibus
721 1559 981 1636 Atheniensium,
1017 1560 1148 1625 nonde
1173 1559 1401 1641 loniaagitur.
1429 1597 1474 1605 —

248 1666 331 1730 llale
355 1666 497 1730 editores
519 1667 720 1731 recentiores
744 1665 844 1731 verba
867 1666 979 1730 καὶτὰ
1002 1668 1095 1750 μέχρι
1108 1665 1249 1750 Εὐβοίας
1270 1674 1471 1748 expungunt,

248 1791 332 1854 quae
356 1771 543 1836 adscribere
567 1773 621 1835 vix
645 1747 798 1854 cuiquam
822 1775 856 1836 in
879 1781 1023 1837 mentem
1046 1775 1158 1838 venire
1179 1775 1293 1854 potuit.
1334 1773 1475 1837 Prorsus

249 1879 347 1943 simili
370 1879 469 1942 modo
494 1898 523 1943 c.
549 1878 603 1955 43,
630 1879 650 1943 3
673 1879 710 1942 τὰ
732 1881 825 1962 μέχρι
847 1880 1002 1944 Βοιωτῶν
1025 1871 1149 1944 dictum
1172 1885 1231 1956 est,
1263 1898 1348 1961 quae
1372 1879 1476 1944 verba

249 1987 391 2051 Boeotos
423 1987 513 2066 ipsos
541 1987 818 2066 complementum
855 2005 963 2067 neque
986 1987 1019 2050 id
1043 1985 1208 2052 offendere
1231 1992 1348 2068 potest,
1384 1987 1474 2068 quod

249 2094 356 2158 omnis
388 2097 518 2173 praeter
545 2091 665 2158 Oreum
699 2094 854 2174 oppidum
879 2093 1013 2158 Euboea
1045 2092 1087 2157 ab
1120 2092 1374 2158 Atheniensibus
1407 2095 1476 2156 iam

249 2207 347 2265 antea
378 2198 553 2275 deiecerat,
589 2201 678 2283 quod
710 2201 797 2265 idern
829 2201 863 2264 in
896 2218 1046 2282 magnam
1072 2200 1183 2264 Ioniae
1215 2207 1340 2280 partem
1373 2201 1472 2264 cadit.

250 2306 449 2387 Scriptorum
487 2307 635 2371 Vaticani
671 2309 764 2390 μέχρι
794 2307 959 2380 Βοιωτίας,
997 2325 1073 2371 cum
1109 2307 1159 2370 vis
1197 2325 1346 2388 praepos.
1381 2307 1477 2390 μέχρι

249 2433 364 2494 parum
396 2414 563 2479 intellecta
587 2421 683 2490 esset,
719 2421 908 2479 correctura
930 2415 1057 2478 insulsa
1080 2433 1138 2494 pro
1162 2431 1241 2479 vera
1264 2413 1476 2478 substitutam

250 2539 322 2586 esse
355 2522 514 2600 suspicor.
541 2557 583 2566 --
607 2519 630 2606 ᾖ
652 2520 673 2585 6
701 2527 775 2601 post
804 2540 856 2584 vv.
882 2522 985 2592 ἄλλως
1007 2545 1039 2585 τε
1061 2521 1115 2585 καὶ
1139 2521 1243 2584 Vatic.
1270 2521 1361 2584 solus
1384 2526 1478 2585 recte

249 2645 399 2708 praepos.
425 2628 458 2690 ἐν
481 2627 584 2702 addit;
619 2629 706 2692 idem
738 2647 805 2692 non
837 2628 955 2692 melius
987 2634 1075 2692 certe
1108 2629 1191 2711 ἀρχῇ
1222 2633 1351 2710 ναυτικῇ
1383 2623 1474 2713 (cett.

249 2759 274 2799 ν.
298 2732 339 2820 ἀ.)
368 2733 513 2814 praebet.
563 2733 715 2798 Ceterum
739 2735 770 2798 h.
797 2735 817 2798 l.
845 2735 978 2799 minime
1011 2735 1119 2815 placet
1150 2733 1350 2799 vocabulum
1382 2735 1478 2817 ἀρχῇ,

249 2842 338 2923 quod
363 2843 540 2906 certamen
564 2837 606 2905 ob
624 2838 865 2924 principatum
889 2838 1114 2906 commissam
1137 2842 1192 2904 vix
1214 2841 1324 2906 valere
1347 2847 1475 2920 potest;

250 2947 388 3012 fortasse
412 2946 471 3011 luit
492 2949 607 3031 μάχη,
632 2947 672 3012 cf.
699 2947 752 3023 lV,
780 2947 831 3023 10,
858 2945 894 3020 5;
920 2946 973 3026 55,
1000 2947 1031 3011 2.

340 3055 399 3128 st,
426 3056 441 3118 1
468 3055 502 3117 in
526 3055 630 3119 Vatic.
658 3073 716 3135 pro
740 3054 857 3118 Πόκνα
880 3055 1044 3119 recentior
1067 3053 1172 3118 forma
1194 3053 1310 3118 Πνύκα
1333 3055 1475 3135 irrepsit.

249 3199 294 3208 -
317 3162 434 3226 Partic.
461 3161 522 3235 καὶ,
556 3180 655 3242 quam
683 3167 758 3226 ante
787 3161 868 3225 ὅπλα
893 3163 1047 3226 omittunt
1071 3162 1189 3237 baua,¹
1211 3161 1327 3234 Palat,
1354 3161 1476 3237 Vatia,

250 3270 333 3334 sitne
365 3269 537 3334 retinenda
568 3269 692 3333 dubito.
720 3307 758 3314 -
785 3267 808 3355 ξ
836 3269 856 3333 2
884 3271 1013 3352 ὕστερον
1041 3287 1105 3333 om.
1134 3269 1257 3340 Vatic.;
1291 3268 1326 3331 in
1359 3269 1479 3332 eodem

250 3377 403 3441 scribitur
434 3376 488 3440 act
520 3377 556 3446 ἐς
586 3375 658 3447 τοὺς
689 3375 832 3450 πολλοὺς,
865 3377 924 3442 sed
957 3375 998 3440 cl.
1032 3376 1072 3440 ad
1102 3395 1131 3440 c.
1158 3375 1212 3452 66,
1244 3374 1264 3439 3
1297 3381 1329 3438 et
1361 3375 1476 3439 adnot.

157 3469 161 3474 ⁴
251 3483 376 3548 Stahlii.
394 3521 436 3529 -
451 3481 510 3568 §3
532 3484 634 3547 Vatic.
662 3484 890 3547 translatorem
915 3483 1058 3563 praebet,
1086 3483 1144 3546 sed
1168 3499 1324 3562 praesens
1348 3482 1478 3546 histori-

251 3610 326 3654 cum
350 3591 381 3654 h.
408 3591 428 3653 l.
455 3609 571 3671 parum
595 3591 764 3660 convenit;
790 3588 830 3654 cf.
857 3591 898 3654 ad
926 3590 991 3666 Vll,
1018 3589 1071 3665 21,
1098 3588 1129 3652 3.

340 3697 400 3771 98,
427 3699 442 3760 1
468 3699 503 3762 in
524 3697 627 3761 Vatic.
654 3696 846 3762 adverbium
869 3696 967 3767 εὐθὺς
990 3703 1065 3760 ante
1088 3696 1310 3778 ὑπεξέρχονται
1333 3695 1479 3776 positum

250 3809 310 3879 est,
341 3821 439 3884 quam
465 3804 716 3868 collocationem
741 3821 781 3868 eo
806 3803 894 3884 quod
919 3802 1127 3866 Aristarchus
1151 3820 1218 3866 non
1242 3801 1351 3865 statim
1369 3801 1478 3865 ‘Dece-

250 3910 346 3985 leam
382 3911 439 3975 sed
465 3912 604 3991 primum
629 3907 765 3975 Oenoen
789 3927 824 3974 se
849 3909 1028 3974 contulisse
1051 3906 1136 3972 inira
1159 3909 1287 3972 dicatur
1310 3926 1477 3972 commen-

251 4018 320 4081 dari
343 4022 433 4097 putat
459 4016 712 4086 Herwerdenus;
743 4016 979 4087 verumcddbc
1003 4015 1225 4096 praepositum
1254 4015 1294 4080 de
1324 4013 1478 4078 omnibus

251 4125 562 4205 quadringentorum
586 4123 787 4205 principibus
810 4143 851 4188 ex
874 4124 955 4188 urbe
980 4122 1215 4188 excedentibus
1238 4121 1391 4185 universe
1411 4122 1478 4186 dic-

250 4237 320 4296 turn
343 4237 402 4296 est.
425 4267 467 4277 ——
487 4229 509 4316 ξ
529 4231 549 4294 2
572 4232 605 4294 in
631 4231 725 4296 haur.
752 4231 854 4296 altera
878 4231 1075 4312 praepositio
1099 4229 1190 4294 verbi
1213 4228 1478 4310 προσπαρακαλέ-

251 4361 357 4410 σαντες
379 4338 552 4403 intercidit.
581 4375 623 4384 -
645 4337 709 4423 §4
735 4339 828 4402 Laur.
855 4346 929 4419 post
947 4337 1063 4420 Οἰνόην
1087 4336 1201 4417 partic.
1226 4359 1264 4398 τε
1286 4333 1385 4405 addit,
1413 4351 1479 4414 qua

251 4446 358 4525 posita
382 4443 518 4511 Oenoen
547 4446 663 4510 eodem
686 4445 757 4527 ipso
781 4452 928 4526 tempore
954 4462 1019 4526 quo
1044 4443 1181 4508 Athenis
1204 4441 1376 4522 imperium
1400 4458 1478 4521 pau·

252 4571 366 4616 corum
390 4553 570 4618 conciderit
593 4559 723 4633 captam
748 4571 820 4618 esse
844 4557 918 4633 apte
943 4550 1152 4633 significatur.
1193 4547 1346 4614 Ceterum
1364 4547 1478 4612 nescio
