3262 5052
30 1481 34 1555 t

28 1588 38 2157 l

25 2160 35 2671 t

754 313 793 376 91

164 490 252 554 λεστα
276 492 437 568 audiatur,
463 492 609 573 paullum
633 493 778 556 interest.
828 492 942 573 ltaque
972 494 1019 556 sio
1048 493 1142 557 loeus
1171 499 1329 558 vertatur:
1359 495 1393 556 et

159 599 347 679 praetereo
366 594 404 662 in
424 616 608 664 murorum
624 602 860 682 portarumque
883 595 1044 682 operibus
1064 594 1314 684 semiperfectis
1333 595 1388 668 ob·

163 701 291 787 saeptis
315 701 489 770 custodias
513 701 665 788 opobont
689 703 742 792 (ol.
769 705 823 780 23,
852 707 886 784 1;
915 706 980 781 vll,
1010 707 1061 783 17,
1087 707 1124 783 2;
1151 706 1204 783 53,
1232 705 1275 792 2).

252 811 286 885 4,
310 812 330 875 2
354 813 389 875 in
408 812 502 876 Leur.
530 812 682 877 scribitur
704 813 751 883 ὡς
774 813 824 876 ἐπὶ
842 815 1042 896 ναυμαχίαν,
1064 813 1152 894 quod
1172 814 1203 876 h.
1226 813 1246 876 l.
1268 812 1388 892 optime

165 919 328 994 convenit,
355 917 396 982 of.
418 919 440 992 l,
466 919 520 993 48,
549 921 583 990 1;
609 919 646 995 ΙΙ,
673 919 726 994 83,
753 919 789 994 3;
816 926 932 984 oontra
958 920 1008 995 vt,
1035 919 1088 994 34,
1115 918 1135 982 5
1160 919 1201 984 de
1222 919 1388 1000 proposito

163 1025 292 1106 longius
315 1032 442 1090 remoto
466 1026 595 1089 dativus
620 1026 730 1105 paullo
754 1027 861 1106 aptior
883 1045 956 1091 esse
981 1024 1140 1092 videtur.l

252 1132 286 1206 5,
310 1131 346 1196 3:
373 1133 408 1196 ἐκ
431 1131 678 1214 Πελοποννήσου
701 1133 755 1194 καί
777 1133 839 1215 μετ’
865 1133 960 1215 ἄλλης
981 1140 1185 1216 παρασκευῆς
1202 1133 1390 1216 βουλόμενοι

160 1239 190 1302 εἰ
207 1239 408 1321 προσγένοιτό
430 1256 459 1301 τι
479 1238 685 1322 κινδυνεύειν]
709 1239 795 1303 hanc
818 1239 1003 1302 iuncturam
1023 1239 1299 1304 contentissimam
1321 1257 1388 1303 om·

162 1363 221 1409 nes
244 1345 352 1408 adhuc
376 1345 516 1409 editores
540 1362 646 1425 usque
670 1343 712 1408 ab
736 1343 888 1411 Goellero
917 1345 965 1409 sie
994 1345 1257 1426 explicaverunt:
1293 1342 1386 1430 quio,

161 1449 194 1515 si
219 1448 303 1535 quid
332 1448 465 1538 (auxilii)
495 1469 541 1516 ea
567 1448 608 1514 P.
639 1448 848 1526 accessisset,
880 1454 982 1535 atque
1010 1469 1089 1518 cum
1120 1449 1189 1516 αίιό
1214 1456 1390 1535 apparatu

154 1555 353 1642 periclitari
381 1553 547 1622 uolebant.
596 1556 661 1622 Sed
695 1555 830 1622 offendit
862 1559 910 1622 sie
939 1575 1136 1640 magnopere
1165 1560 1388 1639 interpretatio

162 1667 274 1746 partio.
304 1666 365 1738 καὶ,
394 1683 470 1728 eum
497 1663 599 1729 verba
625 1665 661 1728 ἐκ
689 1663 808 1728 Helori.
838 1683 913 1729 oum
940 1666 1143 1748 προσγένοιτό
1169 1690 1196 1728 τι
1223 1666 1389 1746 iungenda

161 1774 235 1847 sint,
270 1773 328 1838 sed
361 1772 436 1836 vbb.
466 1773 528 1854 μετ’
558 1773 653 1855 ἄλλης
679 1778 883 1855 παρασκευῆς
907 1772 947 1835 ad
971 1771 1163 1835 κινδυνεύειν
1183 1769 1385 1842 referantur;

162 1898 267 1961 neque
292 1879 449 1944 auxilium
472 1879 550 1943 alibi
574 1897 673 1959 quam
697 1878 946 1942 Lacedaemone
969 1878 1106 1958 petitum
1131 1895 1202 1941 esse
1231 1878 1387 1957 seriptum

161 1987 307 2067 legimus
355 1987 468 2065 ltaque
501 1986 609 2065 potius
641 1984 695 2048 καὶ
727 1981 834 2049 etiam
866 1982 1049 2066 significare
1082 1984 1293 2048 statuendum
1324 1991 1383 2059 est,

161 2097 196 2155 ut
218 2093 300 2156 haee
324 2091 487 2156 sententia
509 2089 581 2155 fiat:
607 2087 689 2175 quio
714 2087 819 2156 etium
847 2087 916 2155 alio
944 2094 1121 2172 apparatu
1149 2085 1324 2164 adiuncto,
1356 2087 1388 2152 si

162 2195 246 2282 quid
269 2216 314 2262 eoo
337 2195 377 2261 Ρ.
403 2194 610 2277 accessisset,
629 2194 829 2281 periclitari
853 2192 1020 2262 uolebant.

251 2305 285 2378 6,
310 2305 345 2368 2:
376 2307 407 2368 oi
433 2303 637 2388 Μυτιληναῖοι
664 2305 718 2369 καὶ
745 2306 776 2368 οῖ
802 2305 889 2368 ἄλλοι
911 2303 1040 2387 Λέσβιοι
1067 2303 1387 2386 προσβεβοηθηκότες

161 2410 241 2494 ἤδη]
265 2411 378 2475 dubito
402 2428 445 2474 an
467 2411 776 2496 αρυβεβοηθηκότες
799 2411 1009 2497 scribendum
1028 2409 1085 2486 sit;
1111 2411 1326 2490 nequeenim
1346 2410 1386 2476 de

162 2535 201 2582 ea
232 2537 266 2582 re
299 2519 413 2599 agitur,
449 2519 537 2599 quod
571 2520 670 2584 ceteri
699 2518 807 2584 Lesbii
835 2517 1038 2600 Mytilenaeis
1065 2515 1187 2581 auxilio
1216 2525 1383 2594 venerant,

162 2625 255 2688 euius
277 2625 325 2688 rei
348 2625 413 2688 iam
438 2643 466 2688 ο.
493 2624 524 2698 5,
553 2626 568 2688 1
594 2626 717 2698 mentio
738 2624 825 2689 laeta
844 2630 903 2700 est,
926 2625 984 2690 sed
1004 2624 1148 2689 universi
1167 2641 1241 2688 eam
1259 2624 1386 2690 insulae

161 2737 295 2810 partem,
331 2749 429 2812 quarn
461 2731 679 2796 Athenienses
706 2732 850 2796 insidere
876 2731 1041 2805 volebant,
1071 2731 1137 2796 iam
1166 2747 1384 2812 praeoccupa-

162 2836 245 2902 visse
269 2839 432 2902 dicuntur.
482 2837 528 2902 CI.
555 2838 675 2904 Herod.
704 2839 783 2914 VIII,
813 2839 886 2902 144.

253 2944 327 3018 t,1
363 2945 448 3026 περὶ
479 2945 733 3028 Πελοπόννησον,
767 2946 856 3026 quod
884 2963 902 3008 e
931 2945 1122 3009 Monacensi
1150 2944 1221 3010 solo
1246 2946 1387 3010 restItuit

164 3049 341 3127 Herwerd.,
368 3052 467 3116 etiam
492 3053 585 3116 laur.
612 3051 753 3116 exhibet.

251 3157 285 3230 9,
312 3158 327 3220 1
353 3159 387 3220 in
412 3159 505 3222 Laur.
532 3159 692 3222 omittitur
714 3156 912 3222 vocabulum
932 3157 1074 3238 ἄνδρες,
1095 3176 1160 3237 quo
1180 3156 1275 3222 facile
1296 3176 1384 3222 eare-

165 3281 245 3340 mu8,
272 3261 312 3328 cf.
339 3283 367 3328 e.
397 3262 447 3339 13,
476 3265 505 3328 1.
530 3299 574 3310 -
598 3264 634 3328 In
657 3262 680 3349 ξ
704 3263 724 3326 2
754 3264 829 3347 (ἴσοι
855 3263 914 3346 μὲν
940 3270 978 3346 τῇ
1005 3265 1118 3347 γνώμῃ
1147 3264 1232 3334 ὄντες
1258 3264 1312 3327 καὶ
1335 3265 1385 3327 εὗ-

164 3371 244 3454 νοίᾳ)
277 3372 342 3435 leni
375 3375 556 3435 mutatione
589 3371 721 3452 ἐπινοίᾳ
754 3369 963 3434 scribendum
1000 3387 1075 3435 esse
1112 3371 1237 3450 opinor.
1295 3369 1386 3434 Duae

164 3477 248 3541 enim
270 3497 323 3542 res
347 3476 534 3554 afferuntur,
561 3478 679 3559 quibus
703 3479 766 3542 nisi
789 3477 931 3542 societas
960 3477 1166 3543 contineatur
1193 3475 1287 3541 firma
1314 3494 1386 3541 esse

166 3601 231 3648 non
257 3586 371 3666 possit,
398 3584 575 3648 similitudo
599 3586 781 3649 sententiae
806 3589 838 3648 et
861 3585 982 3664 paritas
1006 3585 1187 3664 potentiam
1218 3582 1259 3646 ol.
1288 3583 1339 3660 10,
1368 3585 1383 3648 1

165 3697 255 3768 extr„
281 3691 337 3756 ubi
352 3692 556 3756 diversitates
570 3709 679 3756 rerum
698 3710 739 3758 ex
758 3691 910 3756 dissensu
929 3693 1164 3756 sententiarum
1184 3690 1261 3754 oriri
1280 3692 1386 3756 solere

165 3795 258 3878 legati
281 3799 404 3862 dieunt.
453 3798 521 3862 Iam
544 3815 621 3862 vero
645 3799 678 3862 id
702 3799 791 3880 quod
820 3798 981 3878 sequitur:
1012 3797 1170 3862 ἀντίπαλοι
1199 3796 1234 3860 δὲ
1260 3805 1297 3882 τῇ
1324 3823 1384 3862 τια-

164 3911 300 3988 ραακευῇ
322 3905 376 3968 καί
400 3904 529 3986 δυνάμει
552 3905 631 3968 satis
656 3905 807 3982 ostendit,
838 3923 896 3984 pro
925 3906 1031 3987 εὐνοίᾳ
1058 3903 1258 3968 vocabulum
1286 3923 1385 3968 sensu

164 4011 251 4075 verbi
281 4013 392 4093 γνώμῃ
426 4011 626 4074 simillimum
658 4013 824 4093 seriptum
852 4008 962 4088 fuisse,
1003 4018 1036 4076 et
1073 4012 1193 4090 optime
1232 4013 1386 4076 convenit

164 4115 287 4191 ἐπίνοια,
312 4113 503 4195 consitium,
520 4115 752 4200 propositum.

253 4224 311 4298 lo,
334 4223 355 4288 5
380 4224 474 4287 baur.
500 4224 687 4306 ἀμύνασθαι
710 4224 799 4306 quod
822 4230 921 4289 antea
944 4225 1103 4290 edebatur
1126 4223 1266 4298 exhibet,
1297 4225 1384 4305 quod

166 4384 373 4394 ψ

251 4471 472 4526 ¹Aocusativum
492 4470 573 4525 etiam
593 4471 646 4535 vlt,
666 4470 709 4535 31,
731 4473 744 4525 1
765 4469 963 4526 restituendum
984 4489 1046 4528 esse
1065 4485 1174 4536 cense0,
1194 4469 1228 4526 ct.
1247 4471 1278 4538 II,
1297 4471 1340 4538 85,
1356 4472 1384 4533 3,

163 4557 203 4622 86,
224 4562 252 4624 1;
272 4562 313 4622 IV,
335 4559 377 4628 13,
396 4561 421 4612 3.
