3244 5060
840 327 884 392 60

251 509 352 583 patet,
388 511 424 567 ut
456 505 535 568 nihil
569 503 689 568 ollendi
722 505 896 585 possimus.
953 505 1004 568 Ad
1038 505 1259 584 suspicionem
1293 504 1478 585 augendam

252 611 390 686 accedit,
422 611 509 691 quod
538 611 674 674 verbum
702 612 905 675 κοινοῦσθαι
932 611 1011 676 alibi
1035 629 1165 691 semper
1186 629 1262 675 cum
1286 611 1478 676 accusativo

251 718 296 781 rei
327 717 496 781 coniunxit
519 717 726 799 Thucydides
757 716 849 802 (Vlll,
876 718 906 796 8,
936 719 969 792 1;
1000 717 1053 794 82,
1080 715 1125 802 3),
1161 715 1201 781 ci.
1233 717 1479 799 ξυγκαινσῢσθαι

252 823 332 898 Vlll,
351 821 403 898 75,
421 823 441 886 3
459 825 612 904 positum.
632 861 674 870 --
688 823 772 888 Ante
792 824 893 888 verba
910 831 964 907 τῆς
981 824 1186 906 μισθοφορᾶς
1199 825 1305 888 Vatic.
1323 841 1474 904 praepos

250 930 320 1010 περὶ
353 930 482 1007 omittit,
518 932 572 994 eui
605 933 784 1012 scripturae
817 938 849 995 et
881 931 975 995 locus
998 931 1080 1006 Vlll,
1112 931 1164 1005 97,
1196 930 1216 994 3
1247 930 1477 1012 (ἀνθάπτεσθαι

250 1041 314 1098 τῶν
336 1037 545 1120 πραγμάτων)
571 1045 601 1101 et
625 1038 776 1119 exempla
799 1057 839 1103 ex
862 1038 934 1102 aliis
954 1037 1168 1118 scriptoribus
1188 1034 1241 1123 (ol.
1260 1034 1361 1123 lexx.)
1377 1037 1478 1117 petila

252 1141 360 1206 favere
379 1143 547 1217 videntur;
574 1145 632 1209 sed
650 1145 682 1208 id
701 1146 846 1220 interest,
873 1145 961 1224 quod
976 1144 1077 1208 verbo
1093 1144 1309 1208 ἀνθάπτεσθαι
1323 1143 1478 1207 omnibus

252 1249 370 1314 ceteris
398 1250 481 1313 loeis
509 1252 599 1314 notio
628 1247 869 1334 opprediendi,
904 1246 1077 1328 ordiendi,
1111 1252 1175 1315 hoc
1203 1268 1282 1315 vero
1312 1251 1403 1314 notio
1429 1247 1478 1313 in-

253 1352 404 1420 cusandi
425 1357 520 1422 inest.
561 1358 673 1438 ltaque
698 1355 833 1421 forsitan
856 1358 1054 1438 praepositio
1077 1358 1124 1421 ita
1147 1357 1278 1423 retineri
1301 1357 1416 1438 possit,
1443 1363 1480 1420 ut

252 1463 469 1526 ἀνθάπτεσθαι
501 1482 560 1543 pro
588 1465 823 1528 καθάπτεσθαι
846 1463 996 1528 ahsolulc
1022 1462 1091 1548 (cfr.
1119 1465 1170 1541 VI,
1198 1465 1250 1540 82,
1279 1462 1309 1550 1)
1334 1465 1480 1543 positum

253 1587 326 1632 esse
359 1575 498 1648 putetur,
534 1571 597 1633 nisi
630 1572 703 1652 quis
735 1571 956 1634 καθάπτεσθαι
985 1571 1128 1636 scribere
1156 1572 1317 1636 mablerit.
1344 1607 1388 1616 -
1411 1568 1479 1655 §4

254 1673 358 1738 Valic.
394 1676 482 1738 haud
515 1676 632 1740 melius
656 1676 752 1747 εὐθὺς
781 1678 896 1760 πέμπει
922 1675 1028 1762 (haur.
1054 1703 1086 1740 π.
1110 1676 1145 1763 ε.)
1175 1677 1320 1754 exhibet;
1356 1675 1397 1740 cf.
1425 1677 1476 1754 ΙΙΙ,

256 1781 328 1856 110,
356 1781 387 1844 2.
416 1819 453 1826 ——
480 1780 502 1867 ξ
525 1782 545 1846 5
568 1783 603 1845 111
628 1783 731 1847 Vatic.
765 1789 841 1847 ante
874 1783 948 1848 ὅλον
980 1785 1144 1848 intercidit
1176 1785 1229 1858 ὅτι,
1263 1802 1328 1865 qua
1360 1785 1476 1863 partic.

252 1887 345 1950 inviti
370 1906 530 1965 caremus,
557 1886 598 1952 cf.
625 1890 735 1953 adnot.
763 1889 888 1954 Stahlii.

345 1995 403 2072 bl,
437 1995 457 2058 2
489 1996 523 2058 in
556 1996 651 2059 Laur.
678 1997 830 2059 scribitur
861 1999 1094 2080 παραθίθοταί,
1127 1996 1266 2062 fortasse
1297 2003 1397 2072 recte,
1434 1995 1476 2060 cl.

254 2100 309 2177 50,
335 2100 371 2165 ὗε
396 2101 431 2165 τὸ
455 2104 629 2185 στράτευμα
647 2139 691 2149 —-
708 2110 880 2186 παρασχεῖν
904 2101 1132 2187 (sprisyinet)
1157 2110 1189 2169 et
1214 2105 1266 2181 71,
1295 2105 1323 2167 1.
1350 2141 1388 2150 -
1416 2101 1479 2188 §3

254 2207 348 2271 Laur.
384 2209 519 2288 praebet
552 2210 745 2292 ἐξαγγείλας,
779 2212 867 2291 quod
900 2211 1037 2276 verbum
1069 2212 1110 2276 de
1138 2209 1306 2275 Alcibiade
1339 2211 1480 2274 consilia

253 2315 396 2392 hostium
425 2316 631 2380 clandestina
654 2313 854 2382 enuntiante
876 2319 1080 2398 aptissimum
1104 2323 1163 2394 est,
1195 2315 1236 2380 cf.
1262 2314 1284 2402 ξ
1310 2317 1343 2380 1;
1378 2317 1478 2398 ἐξάγ-

254 2421 342 2500 γελος
365 2423 503 2502 γίγνεται.
540 2423 577 2486 111
601 2423 705 2486 Vatic.
732 2429 783 2487 est
805 2425 999 2507 ἐσαγγείλας,
1024 2425 1112 2505 quod
1136 2423 1272 2488 verbum
1296 2424 1349 2499 IV,
1376 2423 1429 2498 27,
1457 2423 1478 2488 3

254 2527 370 2607 lirueg.
396 2509 485 2591 recte
508 2530 689 2594 restituisse
712 2531 849 2595 videtur.

344 2633 389 2698 52
424 2652 536 2698 veram
569 2635 762 2715 scripturam
793 2638 995 2719 πιστευθῆναι
1028 2656 1104 2700 cum
1136 2636 1174 2702 G.
1209 2637 1344 2717 praebet
1377 2637 1474 2700 Laur.

253 2740 314 2819 Qui
347 2741 541 2821 scripturam
566 2741 670 2804 Vatic.
708 2741 752 2826 (et
784 2749 860 2806 cett.
896 2741 1007 2828 codd.)
1040 2745 1206 2826 πεισθῆναι
1233 2749 1375 2819 tuentur,
1411 2745 1476 2808 hoc

252 2847 387 2911 verbum
417 2853 473 2910 aut
497 2865 573 2910 cum
595 2848 790 2930 βουλόμενον
816 2846 944 2934 (Stahl.)
970 2855 1027 2912 aut
1051 2868 1126 2913 cum
1151 2851 1276 2914 δύναιτο
1301 2850 1417 2936 (Class.
1444 2859 1478 2916 et

252 2951 433 3038 Herwerd.)
467 2956 614 3034 iungunt.
664 2953 807 3018 Stahlius
835 2973 911 3018 curn
939 2956 1119 3020 scholiasta
1142 2975 1160 3021 e
1183 2957 1405 3036 superioribus
1434 2959 1477 3022 ad

251 3062 419 3143 natatilium
443 3061 660 3141 supplendum
684 3061 785 3124 verba
807 3063 1002 3144 μεταθέσθαι
1024 3062 1105 3145 πρὸς
1126 3063 1198 3134 τοὺς
1216 3064 1404 3147 Ἀθηναίους
1427 3066 1475 3128 in·

252 3168 436 3248 tellegenda
459 3186 532 3232 esse
557 3168 683 3244 statuit;
710 3169 766 3232 sed
791 3169 899 3233 verbis
919 3171 947 3233 εἰ
963 3170 1088 3234 δύναιτό
1106 3195 1177 3241 παις
1195 3171 1331 3234 nimium
1350 3172 1474 3248 tribuit,

253 3274 372 3354 quibus
404 3275 491 3337 hanc
524 3275 720 3338 sententiam
748 3277 857 3340 inesse
885 3277 971 3351 velit,
1010 3275 1295 3363 «(Tissaphernem
1319 3279 1381 3341 sibi
1405 3297 1476 3358 per-

252 3381 383 3445 suaderi
397 3378 566 3466 voluisse,)
588 3382 615 3444 si
635 3382 885 3446 condicionibus
903 3383 1004 3459 fieret,
1029 3401 1111 3464 quas
1128 3385 1310 3448 ullomodo
1326 3386 1476 3465 accipere

252 3495 395 3566 posset»,
422 3505 506 3568 quae
531 3489 660 3568 gravior
682 3489 731 3551 vis
754 3490 863 3553 verbis
887 3491 1105 3564 usitatissimis
1129 3491 1192 3554 hoc
1212 3491 1284 3555 solo
1303 3491 1377 3555 loco
1397 3511 1475 3557 con·

250 3595 346 3658 tineri
379 3613 446 3658 non
479 3599 602 3675 potest;
637 3613 745 3676 neque
768 3596 977 3676 Tissapherni
1000 3596 1249 3661 Atheniensium
1283 3599 1375 3662 socio
1406 3599 1476 3664 fieri

251 3691 380 3766 difficile
413 3708 493 3766 erat.
542 3700 730 3766 Classenius
764 3703 804 3766 de
836 3721 897 3767 suo
930 3704 972 3767 ad
1004 3703 1057 3766 vb.
1083 3704 1248 3786 πεισθῆναι
1277 3708 1475 3770 sententiam

254 3806 351 3870 «dass
392 3825 427 3872 er
468 3809 532 3874 den
570 3807 691 3873 Schritt
731 3810 789 3872 mit
827 3808 1011 3874 Sicherheit
1047 3810 1128 3874 thun
1165 3812 1306 3888 kdnnte»
1347 3813 1477 3893 supplet

254 3910 412 3996 [Gertzius
436 3915 588 3996 ἀσφαλῶς
611 3921 686 3995 post
707 3939 778 3986 πως
797 3916 983 3981 addendum
1004 3935 1077 3980 esse
1097 3916 1232 4002 censetl.
1273 3917 1476 4000 Scripturam

249 4020 450 4102 πιστευθῆναι
473 4019 689 4086 defenderunt
709 4021 826 4104 Krueg.
854 4029 886 4086 et
909 4023 1038 4087 Herbst.
1067 4021 1119 4108 (de
1138 4024 1205 4088 red.
1227 4023 1332 4088 Alcib.
1355 4043 1386 4104 p.
1404 4023 1472 4111 39),

251 4125 369 4206 quibus
392 4126 425 4189 id
450 4125 594 4192 Stahlius
623 4129 768 4209 opponit,
800 4129 888 4210 quod
911 4130 1147 4209 Tissaphernes
1173 4132 1214 4194 iis
1242 4149 1327 4212 quae
1355 4132 1474 4197 deinde

251 4241 549 4298 commemorentur
580 4243 618 4299 ut
649 4253 669 4298 a
699 4235 948 4315 Peloponnesiis
980 4232 1048 4300 sibi
1080 4233 1214 4326 confidi
1246 4237 1473 4322 (πιστευθῆναι)

250 4340 349 4405 vellet
381 4343 582 4406 commoveri
615 4361 682 4406 non
715 4343 870 4422 potuerit;
905 4343 964 4406 sed
988 4361 1063 4406 cum
1086 4345 1266 4427 ᾔσθετοσε
1290 4344 1471 4423 Alcibiade,

250 4448 377 4512 nonde
397 4448 624 4530 Tissapherne,
652 4467 750 4530 quern
773 4450 881 4530 ipsum
896 4450 1003 4514 Rhodi
1027 4448 1158 4515 affuisse
1182 4469 1210 4514 c.
1228 4451 1319 4527 432
1344 4453 1475 4518 tradidit

199 4581 202 4590 .
250 4556 397 4634 scriptor,
416 4556 538 4620 dictum
554 4556 604 4630 sit,
631 4556 713 4620 haec
729 4575 874 4632 causam,
900 4575 966 4637 qua
980 4566 1015 4620 ut
1030 4557 1281 4637 Tissaphernem
1296 4558 1472 4624 Athenien-
