3262 5052
723 346 785 409 117

32 536 37 611 ;
134 518 231 596 οὗτοι,
264 528 300 586 ut
333 521 453 603 quibus
485 523 565 586 nulii
599 523 740 604 oppositi
773 523 846 586 sint.
906 524 1001 588 Haud
1033 523 1131 587 dubie
1160 524 1257 586 οὕτω
1287 523 1364 586 scri-
1456 504 1461 514 ’

31 630 37 677 ¹
134 629 284 693 bendum
308 636 369 706 est,
396 630 437 694 de
461 648 526 710 quo
551 629 706 695 adverbio
730 635 805 711 post
828 631 942 710 partic.
969 631 1076 710 posito
1100 627 1141 694 cf.
1167 628 1221 702 96,
1247 628 1282 702 2;
1309 629 1362 706 IV,

133 735 187 813 88,
219 737 255 811 1;
282 736 336 814 Vl,
362 735 417 812 61,
442 736 474 800 4.
1396 811 1402 836 Ι

232 842 317 916 108,
343 843 373 905 i.
398 841 433 904 τὸ
456 842 521 905 κατ1
542 841 730 927 Εὐρύλοχον
752 843 815 908 καλ
838 845 856 906 δ
879 845 1042 926 κράτιστον
1064 842 1122 926 ἦν]
1147 842 1280 924 quinam
1304 836 1366 905 alii

130 949 224 1028 apud
240 947 462 1030 Eurylochum
477 949 630 1014 collocati
645 948 773 1026 fuerint,
791 969 859 1014 non
877 949 980 1031 liquet
995 948 1048 1036 (cf.
1066 949 1120 1014 fin.
1138 967 1210 1029 cap.
1227 945 1362 1034 praec),

130 1073 246 1136 neque
270 1073 361 1132 vero,
396 1055 430 1119 id
462 1056 550 1136 quod
575 1054 679 1120 Class.
705 1057 784 1132 vuit,
819 1057 860 1122 de
893 1057 1050 1121 militibus
1073 1056 1249 1138 Eurylochi
1273 1055 1362 1132 solis,

130 1163 158 1224 si
184 1163 352 1243 scriptura
375 1162 493 1226 tradita
515 1167 674 1240 servatur,
700 1165 835 1244 cogitari
859 1171 966 1245 potest
991 1162 1081 1249 (nam
1095 1164 1189 1228 aliter
1203 1161 1255 1239 IV,
1273 1161 1362 1239 33‚1

128 1270 168 1331 οί
201 1269 292 1351 περὶ
323 1268 377 1332 τὸν
404 1268 572 1334 Ἐπιτάδαν
604 1269 657 1334 καί
689 1271 767 1352 ὅπερ
799 1270 839 1353 ἦν
869 1271 1010 1336 πλεῖστον
1041 1270 1103 1333 κτλ.
1134 1270 1257 1333 dictum
1289 1266 1362 1354 est).

22 1407 23 1470 η
130 1373 308 1456 Suspicor,
335 1377 354 1438 ὃ
377 1376 440 1439 καί
463 1376 673 1441 scribendum
697 1395 785 1441 esse:
816 1395 901 1457 quae
925 1377 1088 1441 exercitus
1111 1394 1187 1457 pars
1213 1371 1266 1440 oei
1286 1375 1364 1440 vali·

129 1483 275 1546 dissima
302 1488 381 1559 erat,
418 1480 458 1546 cf.
486 1483 524 1560 V,
553 1482 631 1559 106;
657 1482 708 1554 ΙΙΙ,
734 1483 788 1558 42,
814 1481 845 1547 3.
873 1519 914 1528 —
939 1482 1025 1547 intra
1048 1483 1241 1562 scripturam
1266 1483 1362 1546 codd.

130 1587 168 1652 C.
200 1589 237 1652 E.
265 1586 303 1652 G.
330 1589 539 1671 ἐπεξῆλθον
567 1590 747 1669 scripturae
771 1590 914 1672 ἐξῆλθον,
948 1608 989 1654 ne
1023 1589 1097 1653 loco
1121 1589 1144 1665 l,
1172 1589 1225 1663 70,
1252 1589 1271 1652 7
1295 1590 1364 1669 qui·

22 1702 27 1772 ἔ
129 1696 222 1772 dem,
260 1694 317 1758 ubi
345 1696 379 1758 in
408 1695 530 1760 eisdem
561 1695 656 1759 codd.
683 1703 715 1760 et
738 1696 779 1760 M.
806 1697 1016 1770 ἐπεξίλύωσιν
1038 1702 1137 1772 extat,
1172 1697 1252 1760 satis
1273 1697 1363 1760 'com-

130 1801 308 1880 probatae
338 1807 427 1866 recte
451 1802 591 1866 Haasius
614 1809 646 1867 et
670 1803 845 1868 Ultrichius
868 1803 1102 1884 praetulerunt,
1129 1799 1170 1866 cf.
1196 1802 1219 1877 i,
1247 1802 1299 1878 84,
1326 1801 1362 1876 3;

23 1968 28 1977 ,
130 1907 173 1982 V,
202 1909 236 1983 9,
266 1907 322 1984 10;
350 1907 423 1972 100.
450 1945 493 1954 ·-
516 1909 552 1972 ln
574 1906 597 1994 ξ
620 1909 640 1972 2
674 1908 792 1974 frustra
824 1911 965 1974 editores
994 1911 1187 1990 scripturam
1212 1908 1364 1972 codicum

21 2009 22 2048 ³
130 2015 320 2087 ἀπεδίωξαν
351 2019 497 2088 tuentur,
534 2033 609 2080 cum
642 2017 672 2079 ei
705 2017 873 2080 notionem
906 2035 952 2080 aa
983 2013 1056 2081 hrco
1082 2033 1226 2099 pugnae
1257 2034 1283 2077 s.
1320 2031 1366 2078 cn

76 2107 85 2120 ’
132 2138 276 2203 campa,
304 2139 388 2201 quae
413 2121 503 2186 nulla
526 2128 586 2197 est,
612 2123 721 2187 inesse
740 2124 864 2187 volunt.
904 2123 1110 2205 Thucydides
1128 2120 1265 2186 verbum
1284 2121 1363 2183 ἀπο.

22 2262 28 2279 ·
133 2228 267 2290 διώκειν
291 2227 344 2303 Vi,
373 2227 446 2303 102,
472 2227 493 2292 3
521 2227 562 2292 de
590 2229 777 2294 hominihus
805 2229 903 2294 finem
926 2229 1144 2311 persequendi
1167 2226 1364 2292 facientibus

22 2336 29 2403 λ
133 2335 258 2414 posuit,
284 2352 369 2414 quae
394 2333 587 2415 significatio
611 2335 674 2399 hoc
698 2336 773 2399 loco
797 2337 931 2400 minime
953 2343 1029 2416 apta
1047 2342 1106 2400 est.
1147 2333 1364 2400 Scribeudum

134 2458 212 2504 esse
245 2440 428 2514 ἐπεδίωξαν
454 2441 519 2504 iam
544 2441 684 2506 Hessius
710 2440 742 2526 (l.
768 2442 789 2506 l.
815 2463 846 2524 p.
873 2441 928 2529 62)
952 2442 1042 2518 vidit,
1078 2443 1139 2506 nisi
1164 2443 1237 2523 quis
1260 2466 1363 2506 κατε-

136 2549 259 2620 δίωξαν
291 2547 488 2627 praetulerit‚
524 2545 565 2612 cf.
592 2549 644 2620 iv.
672 2547 724 2626 25,
754 2549 810 2614 11:
846 2551 1039 2623 κατεδίωξαν
1065 2549 1138 2620 τοὺς
1165 2547 1364 2632 Μεσσηνίους

135 2653 230 2717 πάλιν
253 2655 290 2724 ἐς
312 2654 375 2737 τὴν
397 2654 513 2718 πόλιν.

232 2759 315 2834 109,
342 2759 358 2823 1
384 2758 522 2825 fortasse
546 2762 586 2826 de
611 2761 705 2826 clade
723 2763 823 2828 modo
843 2771 1100 2828 commemorata
1117 2761 1256 2845 μεγάλης
1275 2759 1361 2843 (τῆς)

24 2946 27 2959 Ι
136 2869 237 2950 ἥσσης
261 2868 467 2950 γεγενημένης
491 2867 700 2932 scribendum
725 2875 784 2934 est.

232 2972 315 3047 lll,
339 2972 370 3036 2.
387 3011 432 3020 -
445 2974 500 3037 καλ
523 2976 554 3039 οἶ
575 2976 661 3040 ἄλλοι
680 2977 761 3041 ὅσοι
778 2977 846 3059 μὲν
864 2979 1070 3060 ἐτύγχανον
1088 2977 1206 3045 οὕτως
1225 2974 1363 3056 ἀθρόοι

136 3080 385 3153 ξυνελθόντες
421 3081 468 3152 ὡς
499 3083 642 3163 ἔγνωσαν
673 3085 820 3155 ἀπιόντας
852 3085 1008 3168 ὥρμησαν
1041 3082 1094 3146 καὶ
1126 3079 1232 3164 αὐτοὶ]
1269 3080 1363 3144 locus

19 3183 24 3246 ζ·
137 3187 225 3250 haud
268 3186 367 3250 dubie
408 3193 581 3268 corruptus
618 3195 650 3252 et
687 3191 885 3254 coniecturis
922 3190 1135 3271 plurimorum
1172 3192 1360 3268 temptatus.

136 3292 316 3356 Mutatione
349 3293 437 3357 haud
465 3295 511 3358 ita
534 3312 653 3376 magna
675 3296 855 3378 Madvigius
880 3296 966 3382 (adv.
993 3297 1063 3360 crit.
1090 3295 1102 3360 Ι
1126 3315 1157 3375 p.
1183 3292 1261 3379 318)
1295 3294 1364 3356 ὅσοι

138 3399 350 3482 ἐνετύγχανον
381 3401 507 3471 αὐτοῖς
530 3401 678 3482 scripsit,
709 3403 767 3468 sed
790 3403 899 3483 potius
923 3404 963 3475 ei,
995 3404 1050 3485 qui
1074 3404 1108 3466 in
1132 3402 1212 3466 urbe
1236 3418 1362 3464 reman-

138 3512 258 3580 serant,
285 3523 384 3586 quarn
408 3508 448 3582 ei,
475 3507 594 3588 quibus
618 3510 675 3588 qui
698 3511 819 3590 egressi
842 3519 936 3575 arant
955 3510 1085 3574 obviam
1105 3509 1236 3581 fiebant,
1263 3509 1362 3587 scrip·

137 3612 199 3674 tori
232 3611 436 3692 significandi
468 3621 569 3678 erant.
621 3614 693 3694 Qua
723 3634 759 3680 re
792 3625 964 3699 perspecta
988 3617 1132 3684 Stahlius
1159 3617 1217 3699 μὲν
1245 3615 1279 3678 in
1302 3615 1363 3698 με’-

137 3741 262 3788 νοντες
297 3720 540 3791 «emendavit»;
580 3721 637 3784 sed
674 3724 707 3786 in
745 3725 807 3789 hac
845 3728 1008 3808 scriptura
1039 3723 1230 3789 adverbium
1262 3723 1364 3793 οὕτως

141 3821 234 3908 (itta,
260 3843 301 3889 co
326 3827 414 3907 quod
434 3826 655 3892 Mantinenses
679 3835 711 3893 et
735 3831 932 3912 quibuscum
956 3839 1088 3913 pactum
1107 3836 1177 3895 erat
1195 3826 1362 3915 exibant»)

138 3949 272 4010 prorsus
313 3931 459 4012 languet,
507 3951 607 4013 quam
648 3933 872 4003 difficultatem
915 3938 1105 4004 Classenius
1146 3937 1364 4027 audacissime

137 4037 368 4120 μονούμενοι
400 4057 458 4120 pro
490 4039 549 4123 μὲν
581 4041 756 4107 scribendo
784 4043 900 4112 tollere
924 4052 1146 4112 conatus-est.
1196 4045 1261 4124 Ego
1284 4061 1365 4107 vcro

140 4143 363 4224 Thucydidem
387 4164 446 4226 pro
469 4147 528 4231 μίν
550 4147 614 4231 μὴ,
638 4167 697 4228 pro
721 4151 823 4220 οὕτως
845 4154 992 4225 τούτοις
1016 4151 1091 4236 (boc
1115 4153 1179 4216 iam
1195 4150 1361 4214 Herwerd.

139 4249 336 4336 coniecerat)
365 4254 535 4333 scripsisse
560 4256 719 4335 suspicor,
750 4276 892 4339 cumque
916 4257 1145 4325 Ambraciotas
1169 4264 1363 4336 ceterosque

138 4357 171 4418 in
199 4376 234 4422 re
264 4357 372 4422 subita
399 4359 441 4423 ad
469 4360 717 4425 deliberandum
745 4371 885 4430 cunctos
913 4367 1110 4431 convenisse
1138 4364 1205 4428 veri
1230 4361 1363 4425 minime

139 4463 241 4528 simile
274 4465 325 4542 sit,
360 4467 554 4546 scripturam
583 4468 707 4532 codicis
732 4470 827 4534 haur.
854 4473 1113 4546 ξονεξελύόντες
1139 4469 1362 4549 recipiendam

140 4567 191 4652 (cf.
217 4567 240 4656 ξ
266 4572 299 4634 1:
331 4572 509 4645 ἐξελθόντες
535 4573 716 4660 ύτταπῇσαν)
745 4583 778 4640 et
802 4595 841 4640 ex
866 4575 1029 4644 adiectivo
1052 4578 1168 4661 ἀθρόοι
1191 4575 1279 4640 aliud
1303 4593 1360 4639 no·
