3244 5060
748 326 790 391 75

247 502 307 577 89,
334 505 349 566 1
378 504 480 568 Vatic.
508 505 762 569 collocationem
784 505 857 575 τοὺς
879 505 1014 575 πολλοὺς
1032 505 1085 568 καὶ
1102 505 1256 587 πρότερον
1274 505 1383 583 habet,

155 627 223 690 qua
246 609 350 674 verba
371 610 442 682 τοὺς
463 610 598 681 πολλοὺς
621 629 641 675 a
663 617 769 692 genet.
795 617 860 675 τῶν
881 613 1076 694 μετεχόντων
1098 611 1307 677 incommoda
1336 631 1384 676 se-

153 722 324 796 parantur.
351 751 393 762 *-
416 718 453 782 ln
476 717 498 803 ξ
522 718 542 781 2
567 725 642 783 ante
672 719 818 800 πρώτοις,
849 719 938 799 quod
972 736 1011 782 ex
1043 723 1164 800 πρῶτοι
1196 726 1386 799 corruptum

154 829 208 886 est
231 820 373 908 (emend.
399 823 526 910 Belli,
553 825 725 889 articulum
750 831 813 895 τοῖς
835 826 946 905 quiin
968 825 1064 888 codd.
1086 825 1240 888 omuibus
1257 832 1386 906 praeter

115 917 121 926 ’
154 928 261 993 Vatic.
293 931 385 996 deest
416 933 481 996 iarn
514 933 650 1014 antiquo
674 937 822 1012 ternpore
845 932 1052 998 intercidisse
1076 951 1095 996 e
1120 931 1262 996 scholio:
1292 955 1385 1014 μιτα-

153 1036 282 1117 σχόντες
304 1040 400 1121 αὐτῆς
422 1039 455 1102 ἐν
476 1040 613 1121 πρώτοις
636 1045 782 1119 apparet.
832 1037 879 1103 De
908 1039 982 1102 loco
1014 1039 1069 1118 qui
1098 1039 1245 1120 sequitur
1273 1038 1385 1119 despe-

153 1159 230 1208 rare
244 1163 313 1208 non
328 1145 512 1210 debuerunt
525 1145 629 1210 Class.
647 1153 679 1211 et
693 1146 861 1210 Herwerd.
875 1170 881 1218 ;
899 1147 955 1226 qui
969 1146 1200 1210 emendatione
1214 1145 1387 1210 Abreschii

153 1249 369 1324 ὐιιιιλλαξείοιν
407 1251 514 1338 (codd.
549 1252 747 1338 ἀπαλλάξειν)
787 1253 960 1318 scribentis
997 1261 1029 1316 et
1064 1252 1386 1332 interpretationibus

154 1355 308 1438 Madvigii
333 1358 418 1443 (adv.
440 1360 509 1424 orit.
532 1360 594 1440 lp.
617 1357 693 1444 335)
719 1365 752 1424 et
776 1358 903 1435 Stablii,
932 1366 1089 1441 quantum
1113 1377 1171 1440 per
1194 1359 1386 1424 memoriam

158 1462 316 1528 librorum
351 1467 437 1530 baud
470 1467 568 1530 dubie
601 1485 752 1530 mancam
786 1465 856 1531 lieri
887 1469 1001 1548 potuit,
1031 1467 1096 1530 iam
1125 1466 1296 1546 expeditus
1323 1471 1383 1543 est,

157 1569 278 1649 quibus
301 1590 362 1651 ego
385 1571 460 1637 fidei
484 1573 635 1637 codicum
660 1573 888 1638 aestimandae
912 1591 1014 1638 causa
1037 1591 1145 1653 pauca
1171 1573 1301 1636 addam.
1350 1574 1385 1636 ln

155 1676 322 1758 plerisque
341 1680 437 1743 codd.
458 1686 587 1760 praeter
609 1681 704 1743 baur.
729 1688 804 1760 post
824 1682 1097 1764 πρεσβευομένους
1117 1679 1271 1744 scribitur
1290 1681 1385 1761 ἔπομ-

154 1807 224 1856 πον,
249 1785 339 1864 quod
362 1787 404 1849 ab
428 1805 468 1851 eo
492 1789 548 1868 qui
571 1787 673 1851 verba
695 1788 768 1857 τούς
790 1811 821 1850 τε
840 1789 872 1858 ἐς
889 1789 944 1870 τὴν
962 1788 1001 1851 Λ.
1017 1788 1291 1870 πρεσβευομένους
1309 1803 1383 1850 eum

158 1892 383 1970 superioribus
413 1895 590 1959 cohaerere
621 1913 687 1958 non
718 1893 931 1958 intellexisset
959 1895 1104 1958 additum
1134 1912 1207 1959 esse
1232 1899 1381 1974 apparet;

154 1995 309 2063 inVatic.
336 2001 419 2076 solo,
444 2001 476 2064 id
501 2001 589 2082 quod
613 2001 731 2065 deinde
755 2002 933 2065 correctori
956 2001 1140 2080 proximum
1165 2006 1244 2074 erat,
1267 1999 1380 2079 partic.

154 2126 187 2166 τε
209 2108 262 2168 cui
286 2107 367 2169 nibil
389 2107 611 2188 respondebat
634 2109 757 2172 omissa
785 2114 845 2184 est,
876 2109 960 2171 sicut
987 2108 1021 2170 in
1049 2107 1167 2170 eodem
1195 2111 1385 2170 correctura

156 2209 365 2276 inutilissima
383 2221 515 2294 propter
533 2212 659 2294 imperf.
681 2215 822 2296 ἔπεμπον
841 2221 939 2294 optat.
961 2214 1108 2295 δράσειαν
1123 2210 1211 2296 (cett.
1230 2209 1382 2297 δράσωσι)

158 2317 353 2384 substitutus
376 2327 436 2385 est.
486 2322 532 2385 Ex
555 2322 701 2402 reliquiis
725 2322 878 2385 codicum
907 2322 980 2384 αὐτο
1011 2318 1127 2405 (Vatic.
1158 2316 1265 2403 οὐτῶι)
1295 2317 1382 2381 Mad-

157 2425 258 2505 vigius
283 2429 379 2491 οὔπω
404 2430 542 2509 scripsit,
569 2429 626 2493 sed
651 2429 692 2491 ad
716 2445 756 2492 ea
776 2433 1076 2508 quaesequuntur:
1103 2425 1179 2488 ἀλλὰ
1199 2426 1261 2488 ari.
1281 2425 1385 2504 magis

158 2533 318 2612 scriptura
341 2537 446 2608 οὔτοι,
471 2555 571 2616 quam
591 2535 736 2600 Stahlius
755 2536 911 2615 reposuit,
934 2534 1105 2606 convenit;
1131 2532 1172 2596 de
1187 2532 1272 2595 coni.
1290 2532 1384 2602 οὕτω,

158 2655 241 2717 quae
270 2643 393 2706 nemini
421 2644 455 2706 in
482 2649 625 2708 mentem
653 2643 765 2706 venire
795 2661 862 2706 non
885 2647 1003 2722 potest,
1030 2637 1071 2704 cl.
1099 2639 1246 2704 eiusdem
1269 2638 1381 2700 adnot.

159 2743 300 2810 Verbum
333 2748 470 2825 finitum,
505 2750 593 2830 quod
626 2755 700 2829 post
732 2750 945 2822 ἀπαλλοξείειν
971 2747 1179 2812 intercidisse
1202 2763 1228 2808 -e
1257 2743 1384 2806 scholio

157 2861 300 2932 apparet,
326 2857 435 2938 ἠξίουν
457 2855 556 2921 fuisse
580 2857 759 2937 Madvigius
784 2857 804 2918 l.
831 2857 852 2919 l.
879 2856 1065 2936 suspicatus
1091 2860 1150 2928 est,
1177 2854 1231 2916 cui
1255 2851 1384 2914 coniec-

155 2963 247 3024 turae
271 2968 417 3026 axtrama
439 2963 541 3028 verba
564 2964 695 3027 scholii:
725 2964 787 3046 ἤδη
812 2962 869 3027 οὖν
891 2965 1000 3046 ἠξίουν
1022 2959 1097 3031 τοὺς
1123 2957 1386 3038 πεντακισχιλίους

156 3068 341 3134 καθιστάναι
356 3071 498 3151 quodam
514 3071 613 3134 modo
628 3068 752 3142 favent;
778 3069 915 3134 verbum
939 3070 1047 3141 ἀξιοῦν
1065 3075 1179 3130 tamen
1198 3083 1274 3128 cum
1292 3062 1383 3125 infin.

155 3175 246 3239 verbi
278 3176 485 3241 desiderativi
518 3178 731 3240 coniunctum
764 3194 878 3257 parum
917 3176 1036 3256 placet,
1077 3180 1114 3236 ut
1151 3191 1226 3235 cum
1261 3169 1384 3234 Stahlio

155 3281 259 3364 ἔλεγον
286 3284 338 3347 vel
367 3284 471 3348 simile
500 3284 637 3348 verbum
660 3284 805 3347 additum
829 3283 952 3346 malim.
1006 3280 1168 3367 [Gertzius
1191 3277 1383 3342 infinitivum

155 3406 213 3467 per
235 3391 480 3454 anacoluthiam
504 3409 579 3455 cum
604 3391 704 3455 verbo
728 3392 851 3472 ἔφασαν
874 3389 1031 3470 coniungi
1052 3387 1241 3451 dubitanter
1260 3388 1381 3456 censet,

156 3496 229 3559 coll.
255 3497 362 3562 Madv.
389 3504 474 3580 synt.
499 3496 522 3583 ξ
545 3498 609 3562 216
638 3499 713 3561 adn.
740 3495 784 3582 3.]
843 3497 985 3562 Restant
1011 3495 1116 3558 verba
1142 3493 1266 3574 σπουδῇ
1291 3490 1383 3562 πάνυ,

156 3621 239 3683 quae
269 3604 369 3668 verba
399 3606 576 3669 coniuncta
604 3606 689 3685 apud
718 3604 943 3686 Thucydidem
978 3619 1143 3683 nusquam
1172 3599 1249 3664 alibi
1273 3603 1383 3662 extant

160 3705 296 3794 (σπουδῇ
323 3711 430 3775 solum
454 3712 505 3786 lll,
531 3712 585 3788 49,
611 3713 642 3788 4,
673 3711 729 3775 ubi
759 3709 926 3786 celeriter,
961 3705 1173 3788 festinanter·
1204 3705 1313 3790 valet),
1349 3713 1380 3770 et

156 3813 407 3882 studiosissime
436 3816 488 3901 (cf.
521 3818 602 3881 Plat.
633 3819 800 3882 Phaedon.
832 3838 862 3898 p.
894 3817 937 3881 98
966 3816 999 3902 b)
1035 3819 1187 3880 metuere
1219 3814 1379 3878 Graecum

156 3941 226 3988 esse
253 3931 343 3988 recte
373 3925 538 3989 Herwerd.
569 3933 674 4006 negat.
723 3926 837 4006 Neque
869 3943 947 3988 vero
980 3924 1203 4002 interpretatio
1229 3937 1380 4004 prorsus

157 4028 256 4108 serio,
282 4049 381 4111 quam
406 4029 551 4095 Stahlius
575 4031 761 4096 dubitanter
784 4032 964 4112 proposuit,
992 4030 1071 4093 satis
1095 4029 1217 4109 placet,
1244 4046 1328 4108 quae
1353 4028 1380 4090 si

157 4136 219 4202 loci
257 4140 419 4202 sententia
456 4145 552 4215 esset,
592 4137 815 4220 Thucydidem
853 4139 899 4208 ὡς
935 4137 997 4200 καὶ
1028 4137 1151 4219 ἔφασαν
1184 4136 1379 4214 scripturum

158 4239 255 4308 fuisse
279 4245 406 4326 opinor.
456 4244 520 4309 Sed
545 4246 662 4309 omittit
685 4263 726 4310 ea
746 4246 984 4309 Laurentianus
1003 4245 1101 4318 idem,
1128 4262 1194 4324 qua
1215 4259 1251 4306 re
1274 4240 1318 4318 fit,
1345 4245 1380 4302 ut

158 4367 195 4414 ea
221 4352 498 4432 interpretationis
526 4370 628 4416 causa
651 4351 693 4416 ad
716 4352 818 4416 verba
841 4353 874 4414 iv
896 4352 1033 4431 πρώτοις
1057 4351 1220 4428 adscripta
1243 4348 1277 4409 in
1301 4351 1376 4410 cett.

158 4459 250 4522 codd.
267 4460 352 4522 inter
366 4457 468 4522 verba
482 4459 648 4538 scriptoris
662 4465 796 4538 recepta
810 4475 882 4522 esse
897 4457 1057 4536 suspicari
1072 4456 1178 4519 liceat.
1222 4453 1379 4540 [Gertzius

158 4561 175 4646 ἢ
198 4590 259 4629 που
285 4565 323 4648 δὴ
343 4565 427 4628 πάνυ
445 4565 517 4635 τούς
536 4589 570 4646 γε
588 4567 620 4636 ἐς
637 4566 692 4648 τὴν
711 4565 750 4628 Λ.
770 4564 925 4634 coniecit;
951 4581 1017 4642 qua
1035 4568 1145 4627 tamen
1164 4563 1198 4624 in
1213 4561 1379 4626 locutione
