3244 5060
837 307 879 372 66

337 488 396 562 67,
420 488 440 552 2
464 488 577 552 dubito
600 491 734 552 rectene
759 463 953 566 scripturam
978 485 1072 548 haur.
1099 483 1262 557 ξυνέλεξαν
1291 479 1336 566 (in
1365 499 1469 562 marg.

247 614 334 660 man.
365 613 431 660 sec.
463 618 509 676 γρ.
538 593 592 656 καὶ
619 589 823 677 ξονέκλησαν)
853 590 995 655 editores
1022 591 1210 663 reiecerint3
1245 607 1352 668 neque
1381 588 1473 652 enim

247 703 406 782 scriptura
438 701 629 782 ξονέκλησαν
661 698 733 762 aliis
765 697 847 762 locis
880 697 958 761 satis
991 696 1224 776 comprobatur
1253 713 1315 760 nec
1345 713 1404 775 per
1435 713 1473 760 se

246 811 318 890 ipsa
341 806 437 872 facile
460 805 616 887 explicari
639 811 755 884 potest,
805 804 970 868 Herwerd.
997 803 1204 876 ξονταάλεσαν
1227 802 1381 878 coniecit;
1413 803 1474 866 sed

246 914 385 980 fortasse
408 911 467 977 fuit
490 913 679 995 ξονήλασαν
704 908 773 995 (cfr.
800 911 917 974 Pollux
940 910 1021 986 VIII,
1050 910 1112 974 104
1137 916 1169 974 et
1192 909 1307 974 Stahlii
1330 907 1471 994 adnot).

247 1058 291 1068 -
315 1020 515 1100 Scripturam
542 1024 729 1098 corruptam
758 1018 938 1100 ἀνατρέπειν
962 1016 1125 1098 Sauppius
1153 1016 1255 1080 ἀνατεὶ
1276 1018 1371 1084 εἰπεῖν
1394 1016 1474 1079 scri-

246 1129 329 1192 bens
352 1133 441 1191 recte
465 1125 666 1201 emendavit;
692 1125 726 1188 in
746 1124 851 1188 Vatia.
874 1130 1063 1188 correctura
1080 1121 1171 1195 falsa,
1194 1124 1320 1203 opinor,
1338 1123 1474 1186 ἀνειπεῖν

247 1235 402 1314 scriptum
426 1239 485 1298 est.
508 1270 549 1277 -
569 1233 605 1295 ln
624 1229 646 1317 ξ
665 1231 685 1295 3
706 1232 800 1295 Laur.
822 1229 910 1312 apoc
925 1231 1029 1312 ἑαυτῷ
1051 1229 1197 1304 exhibet;
1224 1230 1279 1294 sed
1304 1229 1475 1308 vulgatum

246 1340 326 1424 πρὸς
356 1338 466 1404 ἑαυτὸν
497 1339 602 1418 aptius
633 1357 706 1402 esse
738 1338 874 1411 videtur,
909 1355 996 1400 cum
1013 1344 1145 1401 centum
1172 1337 1232 1400 viri
1260 1353 1295 1400 se
1319 1335 1378 1416 ipsi
1404 1354 1475 1399 non

247 1447 411 1528 elegerint.

337 1553 397 1633 68,
424 1555 439 1616 1
465 1553 499 1616 in
523 1552 627 1615 Vatic.
661 1569 728 1614 non
762 1551 879 1614 melius
912 1550 1063 1614 scribitur
1094 1557 1171 1626 πᾶν;
1206 1550 1238 1612 in
1272 1550 1389 1614 eodem
1423 1555 1475 1613 est

246 1662 412 1742 κατέστησε
438 1665 537 1731 τοῦτο,
567 1659 654 1738 quod
685 1663 893 1721 correcturae
923 1657 1028 1721 simile
1057 1663 1116 1732 est,
1147 1655 1187 1720 cf.
1217 1654 1240 1741 ξ
1267 1655 1303 1720 2:
1339 1659 1474 1737 ξυγκατ-

245 1770 361 1850 έστησε.
384 1803 424 1810 --
444 1763 530 1828 Intra
554 1764 658 1828 Vatia.
685 1764 777 1827 solus
802 1764 945 1846 δεύτερος
967 1764 1116 1844 praebet;
1142 1764 1200 1828 sed
1223 1765 1359 1846 ὕστερος,
1384 1762 1474 1842 quod

247 1875 310 1938 adi.
337 1874 399 1936 hac
422 1873 455 1935 vi
478 1872 621 1952 positum
644 1871 749 1934 rarius
764 1871 820 1934 illo
835 1877 980 1952 apparet,
1002 1871 1209 1953 Thucydides
1228 1871 1250 1946 l,
1268 1870 1321 1946 91,
1339 1868 1375 1944 5;
1404 1869 1471 1944 Vll,

248 1982 300 2052 77,
327 1980 347 2043 2
372 1980 456 2044 sicut
479 1979 542 2042 hoe
566 1978 641 2041 loco
666 1995 742 2040 cum
765 1978 915 2058 genetiuo
940 1979 1119 2052 coniunxit,
1141 1977 1285 2059 δεύτερος
1303 1975 1471 2051 solumll,

246 2089 300 2161 97,
327 2085 347 2150 5
371 2102 521 2166 praepos.
547 2083 624 2167 μετὰ
654 2090 813 2164 sequente
841 2085 1014 2151 invenitur.
1064 2085 1148 2148 Ante
1181 2085 1267 2166 γνοίη
1302 2084 1396 2146 Laur.
1433 2084 1474 2146 ἂν

246 2200 334 2258 recte
359 2193 486 2266 omittit,
513 2189 553 2255 cl.
580 2191 620 2255 ad
646 2188 699 2266 54,
727 2190 757 2254 2.
803 2189 970 2261 Ἑκούσιος
998 2193 1096 2256 etlam
1122 2193 1157 2254 in
1184 2191 1279 2254 Laur.
1306 2189 1469 2252 scribitur.

251 2300 344 2386 [Ante
377 2300 543 2382 γενόμενος
574 2323 610 2360 τε
642 2297 830 2362 addendum
859 2304 891 2361 et
919 2305 994 2362 ante
1022 2298 1171 2367 ὑπόπτως
1194 2297 1269 2359 ἀλλ’
1295 2295 1474 2360 delendum

248 2425 320 2472 esse
344 2406 555 2486 probabiliter
578 2405 763 2484 suspicatur
787 2402 958 2489 Gemmas]
987 2441 1028 2450 -—
1052 2405 1089 2468 In
1112 2402 1134 2489 ξ
1158 2404 1178 2467 2
1203 2403 1318 2468 verba:
1343 2403 1472 2485 μετέστη

247 2515 266 2595 ἡ
296 2513 491 2595 δημοκρατία
520 2511 574 2574 καὶ
601 2511 633 2581 ἒς
661 2511 788 2592 ἀγῶνας
815 2511 944 2593 κατέστη
972 2511 1059 2592 μετὰ,
1088 2526 1172 2590 quae
1200 2511 1234 2573 in
1257 2511 1351 2574 Laur.
1379 2510 1472 2572 omil-

247 2626 368 2695 tuntur,
399 2619 479 2699 quin
502 2635 560 2698 pro
584 2617 701 2697 spuriis
725 2615 878 2681 habenda
901 2618 966 2680 sint
989 2637 1055 2680 non
1084 2618 1208 2691 dubito,
1240 2616 1357 2697 quibus
1386 2616 1473 2679 dele-

243 2727 284 2790 tis
317 2727 428 2790 omnia
460 2731 548 2789 recte
581 2743 616 2788 se
650 2724 782 2788 habent.
841 2724 986 2802 Quorum
1014 2730 1105 2804 parte
1134 2725 1255 2804 priore:
1289 2724 1416 2805 μετέστη
1451 2725 1471 2805 ῆ

246 2833 451 2916 δημοκρατία,
476 2849 574 2912 quam
593 2831 738 2910 ineptam
757 2837 790 2896 et
809 2832 950 2895 otiosam
970 2829 1112 2902 Stahlius
1127 2831 1279 2911 appellat,
1296 2830 1469 2911 glossator,

246 2939 347 3004 verba
368 2939 405 3002 τὰ
427 2944 491 3002 τῶν
513 2938 782 3020 τετρακοσίων-
805 2937 1016 3019 μεταπεσόντα
1046 2937 1223 3018 explicans
1253 2933 1396 3002 libertas
1420 2933 1475 3000 rei

240 3041 404 3128 publicae
432 3042 588 3110 restituto
619 3049 669 3108 est
700 3045 880 3123 exprimere
911 3045 1027 3118 voluit;
1060 3043 1100 3109 cf.
1128 3045 1210 3108 Plat.
1245 3062 1312 3124 rep.
1343 3043 1414 3108 Vlll
1439 3063 1470 3123 p.

247 3151 312 3216 553
345 3171 378 3216 e:
414 3153 448 3226 ἒξ
479 3151 517 3235 ἧς
548 3153 674 3234 μετέστη
708 3152 727 3233 ἡ
755 3151 931 3232 ὀλιγαρχία.
978 3150 1096 3216 Glossa
1123 3152 1213 3216 verbi
1241 3152 1396 3217 ἐκακοῦτο
1424 3158 1475 3214 est

247 3260 407 3338 posterior
435 3277 525 3338 pam,
557 3277 657 3339 quam
684 3257 985 3336 interpretationem
1012 3259 1154 3339 resipere
1185 3265 1281 3339 negat
1310 3256 1471 3334 Stahlius;

247 3365 305 3430 sed
329 3384 405 3430 cum
428 3363 513 3430 infra
534 3366 614 3448 ὑπὲρ
637 3366 742 3428 αὐτῶν
765 3365 885 3427 τούτων
908 3365 1055 3435 αἰτιαθεὶς
1079 3367 1235 3446 scriptum
1258 3365 1310 3438 sit,
1339 3381 1473 3444 prorsus

246 3473 373 3536 inutilia
402 3473 485 3537 haec
512 3472 614 3535 verba
642 3478 734 3548 sunt;
765 3489 873 3551 neque
900 3491 979 3536 vero
1003 3472 1136 3552 pluralis
1160 3473 1295 3554 ἀγῶνας,
1319 3471 1407 3552 quod
1431 3471 1473 3534 de

247 3579 400 3644 omnibus
434 3579 679 3660 quadringentis
710 3585 800 3643 recte
828 3595 848 3641 a
876 3579 1059 3658 glossatore
1087 3579 1229 3659 positum
1257 3584 1316 3654 est,
1343 3579 1383 3642 de
1407 3576 1472 3640 An·

247 3685 394 3765 tiphonte
419 3686 490 3750 solo
515 3686 594 3750 satis
618 3686 781 3750 convenit.
835 3685 930 3763 Quod
949 3692 1058 3750 autem
1079 3684 1223 3750 Stahlius
1242 3685 1379 3750 verbum
1397 3685 1472 3748 ἑκα-

246 3797 342 3855 κοῦτο
364 3792 450 3868 ideo,
477 3793 564 3873 quod
590 3789 775 3875 imperium
800 3793 1111 3873 quadringentorum
1140 3810 1207 3856 non
1235 3797 1473 3856 commutatum

248 3899 380 3962 demum
412 3899 500 3962 malo
533 3898 685 3964 allectum
718 3899 770 3978 sit,
806 3916 922 3979 parum
954 3906 1065 3980 aptum
1094 3917 1167 3964 esse
1180 3931 1183 3940 =
1197 3899 1375 3975 contendit,
1407 3897 1473 3962 hoc

247 4005 325 4068 nihil
358 4004 536 4068 admodum
568 4006 665 4082 valet,
701 4024 775 4070 cum
805 4005 914 4071 verbis
940 4005 977 4068 τὰ
1005 4011 1068 4070 τῶν
1090 4007 1299 4088 τετρακοσίων
1322 4005 1473 4070 homines

246 4112 308 4194 ipsi
332 4112 660 4192 comprehendantur.
700 4113 838 4178 Accedit
861 4113 950 4194 quod
973 4112 1007 4174 in
1031 4119 1106 4177 cett.
1133 4113 1229 4178 codd.
1256 4112 1412 4176 articulus
1434 4111 1472 4174 τὰ

248 4219 350 4295 deest,
386 4225 421 4281 ut
452 4219 604 4284 iunctura
635 4219 841 4300 glossematis
874 4225 908 4284 et
938 4219 1113 4284 verborum
1141 4219 1339 4302 Thucydidis
1357 4219 1472 4283 ‘verbo

246 4325 283 4388 τὰ
306 4327 341 4390 in
362 4324 440 4408 μετὰ
464 4333 613 4390 correcto
638 4325 754 4391 effecta
779 4345 851 4390 esse
871 4326 1028 4390 videatur.
1069 4325 1269 4390 Scholiastes
1288 4327 1470 4390 adnotans:

240 4432 352 4515 ιιῖπειὸὴ
376 4431 412 4496 τὰ
435 4437 498 4496 τῶν
520 4431 566 4516 α’]
590 4434 746 4516 κείμενον·
771 4433 875 4516 ἐπειδὴ
899 4456 932 4515 μ.
956 4435 976 4516 ἡ
1002 4433 1028 4497 d.
1052 4457 1081 4496 κ.
1105 4433 1127 4496 ἒ.
1152 4433 1180 4496 ἀ.
1199 4457 1232 4515 μ.
1255 4433 1333 4516 μετὰ
1355 4438 1419 4496 τῶν
1442 4433 1472 4496 α’

247 4545 419 4620 utramque
452 4540 643 4621 scripturam
675 4541 710 4604 in
744 4540 913 4604 codicibus
942 4541 1010 4604 suis
1038 4540 1173 4618 invenit,
1205 4557 1271 4622 qua
1297 4558 1332 4604 re
1360 4540 1473 4604 locum
