3244 5060
844 337 885 401 72

253 517 490 598 ἐξαργυριώααι.
505 553 549 562 -
563 516 600 580 ln
621 518 716 582 Laur.
742 515 940 580 adiectivum
963 520 1029 586 οώς
1053 512 1139 600 (cod.
1161 511 1228 600 Μ.),
1256 514 1345 596 quod
1369 521 1476 579 tuetur

254 622 356 686 schol.
384 621 597 706 (ἀναοωδείς),
621 641 695 688 cum
720 623 754 686 in
778 623 824 694 ώς
849 619 956 708 (codd.
978 621 1017 685 A.
1035 621 1070 686 E.
1087 619 1138 708 F.)
1163 627 1351 702 corruptum
1376 628 1473 698 esset,

255 729 411 794 omissum
440 735 500 805 est,
529 729 564 793 in
587 730 691 794 Vatic.
718 735 907 795 correctura
937 729 988 800 ώς
1010 727 1138 798 αὐτοὺς
1162 728 1295 809 vestigia
1318 727 1387 792 veri
1410 745 1475 792 ser·

254 835 356 909 vavit;
391 835 444 900 hic
477 853 553 898 cum
585 835 656 900 aliis
688 855 788 917 prave
820 837 925 907 αὐτοῖς
956 835 1139 909 ἀναδέξαιτο
1171 835 1315 915 praebet.
1377 833 1476 898 lnter·
1602 909 1603 932 ρ

254 943 436 1023 pretatione
451 941 581 1006 Vallae:
606 937 639 1004 si
658 937 771 1026 ι’ρετιαι
790 939 839 1007 ad
858 959 915 1006 eos
930 959 1112 1008 reuersum
1128 938 1351 1024 excepissent,
1378 958 1478 1021 quam
1602 951 1603 964 ¹

255 1067 323 1114 non
346 1053 500 1113 accurate
522 1049 686 1112 interdum
709 1049 900 1116 memoriam
924 1048 1081 1114 librorum
1104 1050 1137 1112 in
1161 1048 1319 1112 vertendo
1343 1053 1478 1112 secutus

255 1157 306 1233 sit,
333 1154 541 1236 perspicuum
564 1154 609 1218 fit.
753 1157 756 1163 '

347 1261 406 1341 82,
433 1263 448 1325 1
475 1263 589 1343 partic.
607 1279 712 1342 praes.
730 1262 1010 1332 incommodam
1026 1263 1120 1326 Laur.
1138 1262 1283 1342 praebet,
1309 1258 1350 1326 cf.
1370 1259 1422 1335 75,
1443 1261 1476 1332 1;

256 1367 339 1432 infra
375 1369 462 1434 idem
500 1369 590 1434 solus
626 1374 715 1434 recte
747 1371 786 1432 dv
818 1369 989 1451 ἠλλάξαντο
1024 1366 1113 1452 (cett.
1148 1366 1279 1452 ἀντηλλ.)
1314 1365 1478 1432 exbibet.l
1603 1435 1604 1452 ρ

257 1476 414 1541 inutiliter
438 1475 541 1541 Class.
567 1478 607 1539 ἂν
629 1475 856 1558 ἀπαλλάξαντα
880 1476 1031 1540 coniecit.
1059 1513 1092 1519 —
1117 1473 1253 1538 Difficile
1277 1481 1328 1540 est
1350 1491 1477 1549 eruere,
1603 1477 1604 1484 ’

257 1601 323 1663 quo
356 1583 455 1646 modo
488 1600 528 1646 ea
561 1601 645 1663 quae
678 1581 824 1662 proxime
849 1587 1031 1662 sequuntur
1054 1580 1262 1663 Thucydides
1284 1582 1355 1661 ipse
1378 1581 1479 1660 scrip-

258 1690 346 1754 serit.
386 1689 529 1770 Uterque
553 1689 627 1754 ood.
654 1687 762 1752 διὰτὸ
785 1689 895 1752 αὐτίκα
918 1688 1062 1768 praebet,
1090 1687 1208 1768 quibus
1232 1704 1291 1767 pro
1314 1687 1425 1752 verbis
1446 1688 1481 1750 in

258 1785 375 1861 ceteris
398 1793 516 1860 falsum
539 1797 864 1874 interpretamentum
886 1793 1023 1858 κατὰτὸ
1047 1795 1157 1858 αὐτίκα
1179 1795 1335 1874 scriptum
1355 1799 1420 1864 est;
1447 1794 1480 1856 in

259 1901 362 1966 Vatic.
389 1908 439 1966 est
465 1901 528 1965 καλ
554 1902 649 1974 πλεῖν,
681 1901 715 1964 in
748 1906 824 1966 cett.
850 1901 935 1965 πλεῖν
961 1926 1010 1975 τε,
1044 1918 1144 1988 quam
1167 1901 1359 1966 varietatem
1382 1901 1481 1980 parti-

259 2008 350 2072 culas
381 2027 455 2072 cum
484 2007 634 2072 infinitivi
661 2014 870 2090 novemnovein
893 2014 926 2072 et
947 2009 1033 2072 πλεῖν
1056 2025 1155 2088 prave
1179 2007 1347 2072 coniuncti
1370 2011 1483 2072 essent
1604 2055 1605 2096 ,

259 2115 387 2180 additas
420 2132 493 2180 esse
525 2115 663 2195 prodere
695 2121 784 2180 recte
817 2115 987 2180 adnotavit
1015 2113 1170 2179 Stablius.
1219 2112 1372 2178 Ceterum
1405 2120 1483 2178 ante

258 2222 416 2304 παρόντας
438 2223 473 2286 in
496 2223 601 2286 Vatic.
628 2227 661 2286 et
684 2228 759 2286 cett.
785 2223 858 2292 τούς
879 2247 919 2295 τε,
952 2224 986 2286 in
1015 2223 1110 2286 baur.
1135 2221 1202 2284 τότε
1230 2221 1385 2301 scriptum
1416 2227 1480 2292 est;

260 2346 299 2392 ex
331 2329 388 2392 illa
419 2329 579 2408 scriptura
602 2327 747 2394 Stahlius
780 2329 945 2393 levissima
977 2328 1155 2393 mutatione
1187 2328 1260 2398 τούς
1292 2351 1331 2409 γε
1363 2324 1480 2401 effecit,

260 2453 366 2516 neque
390 2441 501 2500 tamen
524 2437 638 2516 partic.
661 2460 704 2518 γε,
728 2454 804 2500 cum
827 2437 861 2499 in
885 2435 1108 2516 superioribus
1127 2433 1217 2498 nulio
1242 2433 1343 2497 verbo
1369 2434 1484 2497 hostes

260 2547 449 2621 praesentes
473 2541 622 2606 hostibus
646 2541 838 2606 absentibus
862 2543 1002 2622 oppositi
1022 2542 1097 2617 sint,
1123 2541 1202 2605 satis
1221 2546 1297 2620 apta
1316 2546 1376 2604 est.
1418 2539 1483 2606 Sed
1605 2535 1606 2618 ἶ

261 2648 401 2730 gravius,
437 2649 563 2728 opinor,
598 2649 677 2712 illud
703 2655 762 2724 est,
794 2649 881 2729 quod
905 2648 1096 2712 adverbium
1120 2648 1230 2710 αὐτίκα
1254 2647 1484 2727 multomagis
1605 2655 1606 2660 ’

261 2755 302 2818 ad
340 2756 453 2835 partie.
487 2755 646 2838 παρόντας
682 2771 780 2835 quam
818 2755 859 2818 ad
896 2754 1033 2818 verbum
1064 2759 1273 2836 καταφρονεῖν
1305 2754 1484 2818 convenire
1605 2783 1606 2792 ¹

261 2862 403 2938 videtum
428 2862 538 2942 itaque
563 2860 671 2925 διὰτὸ
696 2859 814 2944 (τοὺς)
839 2861 949 2924 αὐτίκα
972 2861 1038 2924 τότε
1064 2858 1146 2944 ttnm
1166 2857 1289 2942 ipsum,
1316 2858 1429 2933 efen,
1450 2861 1482 2923 1:

261 2967 446 3039 sinticione
468 2973 501 3032 et
524 2968 564 3032 de
587 2967 697 3031 αὐτίκα
721 2967 772 3039 ΙΙΙ,
789 2965 845 3039 56,
867 2963 897 3050 3]
923 2967 1081 3049 παρόντας
1103 2968 1165 3030 κτλ.
1189 2967 1347 3048 scriptum
1370 2965 1483 3038 fuisse,

263 3075 320 3140 sed
353 3069 429 3138 cum
462 3073 618 3138 articulus
649 3072 722 3144 τοὺς
753 3072 986 3147 intercidisset,
1025 3074 1059 3136 in
1092 3079 1167 3140 cett.
1202 3075 1275 3145 τούς
1305 3098 1337 3137 τε
1369 3091 1387 3138 e
1418 3073 1486 3137 τότε

263 3179 413 3246 effectum
447 3197 520 3244 esse
553 3180 712 3260 suspicor.
765 3179 922 3265 [Gertzius
950 3178 1031 3262 ἦσαν
1058 3181 1167 3246 αὐτίκα
1192 3180 1242 3244 διό
1265 3179 1300 3244 τδ
1323 3179 1395 3254 τοὺς
1419 3177 1484 3264 [τε]

261 3287 420 3369 παρόντας
451 3286 513 3349 κτλ.
546 3284 710 3370 coniecit]
738 3323 782 3332 -
805 3286 841 3350 ln
864 3283 887 3371 ξ
911 3286 930 3350 2
958 3287 1060 3354 verba
1086 3288 1140 3352 καῖ
1166 3288 1260 3361 πάνυ,
1291 3305 1376 3368 quae
1404 3288 1485 3351 mire

263 3393 364 3460 verbo
389 3392 559 3456 διεκώλυσε
582 3391 694 3456 addita
717 3399 803 3469 sunt,
835 3391 972 3460 tortasse
996 3403 1070 3474 post
1091 3395 1218 3458 πολλῶν
1241 3393 1487 3474 transponenda

264 3507 349 3565 suut.
402 3496 560 3582 iGertzius
593 3499 694 3564 verba
726 3499 896 3566 διεκώλυσε
926 3501 1053 3564 πολλῶν
1075 3501 1160 3565 inter
1182 3517 1218 3565 se
1242 3500 1335 3564 locos
1358 3508 1486 3564 mutare

263 3603 376 3691 iubet]
396 3604 474 3690 -ξ
493 3604 513 3668 3
537 3605 633 3669 Laur.
660 3613 734 3685 post
755 3608 936 3690 τιμιώτερος
958 3608 1072 3688 partic.
1097 3632 1129 3671 τε
1152 3607 1285 3680 omittit;
1311 3608 1344 3674 in
1368 3608 1486 3672 eodem

264 3711 332 3778 iere
355 3712 436 3776 solo·
451 3712 525 3776 adv.
551 3711 613 3795 ἤδη
639 3709 727 3797 (ante
750 3710 871 3799 ποιεῖν),
898 3713 986 3794 quod
1010 3719 1085 3794 post
1106 3714 1168 3796 ἤδη
1192 3714 1304 3796 ᾕρηται
1327 3713 1483 3788 abundat,

264 3818 367 3890 abest,
395 3815 452 3882 cir.
478 3820 520 3882 ad
543 3818 610 3895 VII,
636 3819 668 3893 4,
693 3819 725 3883 4.

356 3922 415 4000 83,
441 3925 457 3987 1
486 3925 587 3990 Vatia.
619 3926 709 3990 solus
742 3937 818 3990 ante
836 3926 1035 4009 Ἀλκιβιάδαν
1058 3928 1150 3991 artic.
1175 3932 1230 3990 τοῦ
1254 3927 1409 3990 inutiliter
1433 3945 1486 3990 ex-

265 4030 363 4094 hibet.
390 4028 478 4114 -ξ
505 4030 525 4094 2
558 4032 593 4094 in
626 4031 720 4096 Laur.
756 4039 832 4098 ante
855 4033 1035 4115 Ἀθηναίων
1067 4034 1159 4098 artic.
1193 4037 1265 4105 τῶν,
1299 4033 1410 4098 nescio
1444 4049 1487 4098 an

358 4313 365 4343 ¹
386 4311 480 4367 Simile
498 4309 615 4368 fortasse
634 4314 729 4369 vitium
748 4313 791 4383 VI,
806 4315 848 4378 87,
864 4315 881 4368 4
899 4315 926 4369 in
945 4316 1030 4370 verbo
1048 4314 1206 4383 δντιιαχεῖν
1224 4315 1297 4378 latet,
1317 4314 1395 4369 cuius
1414 4329 1486 4384 prae

266 4402 428 4472 positionem
449 4401 586 4456 Haackius
614 4401 648 4458 de
676 4405 908 4474 compensatione,
937 4403 1034 4474 Kmeg.
1054 4404 1088 4458 de
1107 4404 1233 4474 oppositu
1260 4403 1351 4458 hostili
1370 4404 1486 4472 positam

266 4493 388 4560 putabat,
415 4505 529 4561 quorum
553 4495 680 4546 neutrum
699 4493 767 4548 eatis
785 4495 881 4562 placet.
920 4493 1100 4548 Scribendum
1120 4493 1237 4548 videtur:
1266 4491 1298 4546 δν
1317 4493 1370 4562 [τι]
1390 4499 1485 4560 τνχεῖν;

266 4580 469 4650 mmm&
