3244 5060
837 340 877 404 16

249 516 285 579 ln
314 517 418 580 Vatic.
454 524 504 580 est
536 517 713 598 ἐγεγένοιτο,
747 518 836 598 quod
868 537 886 582 e
920 524 1110 582 correctura
1141 519 1300 602 ἐγεγένητο
1334 516 1475 582 fortasse

245 629 435 704 corruptum
463 622 514 687 vel
544 642 584 686 ex
608 641 649 687 ea
672 630 704 687 et
727 624 844 705 γένοιτο
868 624 1046 689 conflatum
1070 631 1129 690 θεῖ.
1157 661 1197 670 -
1223 625 1259 688 In
1281 622 1304 709 ξ
1326 623 1347 687 3
1370 623 1478 688 verba

245 730 279 802 ἐξ
295 729 437 812 Ἄργους,
470 747 555 810 quae
579 729 684 794 Vatic.
721 730 812 794 solus
845 731 944 808 addit,
979 731 1055 794 ideo
1084 737 1238 812 suspecta
1261 737 1346 804 sunt,
1382 731 1473 809 quod

244 834 463 900 Athenienses
492 855 533 900 ex
560 835 646 916 Argo
676 833 841 915 profectos
870 856 943 901 θεεθ
969 837 1019 912 Vl,
1049 836 1122 913 105,
1149 837 1180 912 2,
1216 837 1271 900 ubi
1299 855 1352 900 res
1380 843 1476 917 gesta

245 949 405 1019 narratur,
432 961 498 1006 non
523 949 817 1006 commemoratum
841 949 906 1016 est;
932 963 993 1008 nec
1019 945 1196 1024 quiequam
1219 943 1362 1023 impedit,
1390 944 1473 1024 quin

243 1054 308 1118 ταῖς
325 1050 489 1129 τριάκοντα
508 1049 616 1112 ναυσὶν
634 1068 711 1113 oum
733 1051 846 1130 partic.
869 1051 1052 1133 ὁρμώμενοι
1070 1051 1243 1130 iungamus
1264 1047 1317 1134 (cf.
1334 1067 1363 1112 c.
1381 1048 1412 1124 2,
1434 1050 1469 1112 1:

243 1163 301 1237 μιᾷ
323 1155 373 1238 νηὶ
394 1156 564 1226 τελευταῖος
586 1156 756 1239 ὁρμηθείς,
789 1157 841 1232 lV,
870 1155 943 1232 125,
972 1154 1014 1240 1),
1045 1163 1081 1221 ut
1104 1157 1312 1238 participium
1335 1157 1474 1220 minime

244 1262 391 1341 ineptum
423 1262 488 1326 fiat.
515 1301 557 1308 -
581 1263 617 1326 ln
642 1263 736 1325 Laur.
772 1269 804 1325 et
837 1267 911 1328 cett.
943 1262 994 1326 bis
1023 1262 1099 1349 (ἕ2
1124 1263 1274 1343 postlla,
1302 1260 1324 1347 ξ
1348 1262 1368 1325 3
1393 1269 1472 1326 ante

173 1365 177 1372 '
243 1365 280 1450 τι)
305 1369 417 1448 partic.
443 1394 475 1432 τε
499 1369 627 1434 excidit.
652 1405 695 1414 —-
720 1369 869 1432 Formam
895 1370 1093 1452 ἑλῃοτεύοντο
1115 1376 1215 1446 recte,
1243 1369 1369 1450 opinor,
1396 1387 1470 1449 pas-

244 1475 348 1537 sivam
367 1476 409 1538 ad
430 1477 709 1540 Lacedaemonios
729 1476 850 1540 rettulit
864 1476 1051 1550 Arnoldius
1074 1475 1114 1540 cf.
1132 1477 1185 1552 lV,
1203 1475 1234 1552 2,
1252 1475 1287 1548 3;
1311 1477 1345 1538 in
1360 1475 1469 1540 Vatio.

245 1581 397 1645 scribitur
420 1583 590 1666 ἐλῄστευον,
615 1583 703 1663 quod
728 1589 935 1648 correcturae
960 1584 1150 1647 mutationis
1172 1582 1310 1647 subiecti
1331 1580 1409 1667 (qua
1429 1582 1472 1646 de

242 1706 278 1752 re
306 1687 346 1751 of.
374 1689 490 1769 Krueg.
517 1708 652 1770 gramm.
683 1686 780 1773 §bh
811 1688 842 1764 5,
873 1690 949 1753 adn.
976 1688 1008 1775 3)
1042 1690 1195 1753 vitandae
1228 1707 1330 1753 causa
1362 1686 1472 1752 factae

244 1791 382 1858 fortasse
405 1795 614 1859 tribuendum
640 1802 697 1870 est,
732 1794 772 1859 ef.
799 1796 874 1859 adn.
901 1797 943 1859 ad
969 1797 998 1872 1,
1025 1796 1044 1860 2
1071 1795 1267 1878 (ἐποιοῦντο).
1315 1793 1471 1859 Ceterum

243 1901 347 1964 Vatie.
373 1902 452 1965 κατὰ
476 1902 615 1972 σπονδὰς
638 1902 729 1965 artic.
756 1903 879 1966 omisso
904 1903 1045 1978 exhibet,
1072 1902 1160 1983 quod
1184 1903 1225 1965 de
1249 1920 1330 1982 paee
1354 1901 1468 1966 Niciae

242 2009 350 2072 minus
383 2009 547 2072 convenit.
610 2009 762 2072 Eiusdem
795 2009 956 2088 scriptura
988 2009 1126 2092 διαφορὰ
1159 2009 1213 2071 vix
1246 2009 1334 2072 aliud
1367 2026 1469 2088 quam

242 2133 333 2178 error
360 2115 483 2179 librarii
511 2121 574 2188 est;
611 2115 748 2197 διάφορα
777 2117 865 2178 enim
891 2115 979 2180 idem
1003 2121 1102 2197 atque
1124 2115 1160 2178 τὰ
1184 2115 1468 2198 ἀμφισβητούμενα

242 2223 313 2301 ipsa
336 2221 542 2302 significaret.
568 2259 605 2266 -—-
633 2222 669 2285 ln
692 2221 756 2286 fine
781 2223 896 2302 capitis
920 2223 1055 2286 verbum
1080 2222 1217 2286 ἐτελεύτα
1241 2228 1316 2285 ante
1339 2229 1384 2302 τῷ
1407 2245 1468 2283 πο-

241 2329 329 2410 λέμῳ
352 2329 385 2390 in
411 2329 515 2392 Vatio.
541 2330 691 2410 ponitur;
717 2334 751 2392 at
773 2327 830 2391 cfr.
857 2328 922 2392 loci
946 2347 1029 2409 quos
1053 2329 1095 2392 ad
1119 2329 1169 2403 ΙΙΙ,
1196 2326 1249 2402 25,
1276 2327 1296 2390 2
1322 2326 1469 2391 Stahlius

242 2435 382 2514 collegit,
409 2435 528 2515 quibus
551 2437 714 2500 addantur
736 2435 787 2510 ΙΙΙ,
814 2435 866 2506 88,
892 2435 913 2497 4
940 2433 1078 2522 (Laur.);
1107 2434 1179 2509 116,
1205 2434 1242 2498 3.

334 2541 390 2619 19,
418 2543 432 2604 1
460 2543 572 2621 partio.
604 2543 643 2624 δὴ
673 2542 715 2604 ad
738 2543 804 2604 vim
828 2541 1017 2621 superlativi
1039 2542 1274 2606 intendendam
1298 2542 1470 2621 aptissima

240 2649 275 2712 in
302 2649 404 2712 Valle.
431 2649 538 2718 deese
572 2649 659 2712 idem
687 2649 779 2711 artie.
810 2649 841 2710 οῖ
868 2653 943 2711 ante
966 2647 1213 2730 Λακεδαιμόνιοι
1237 2648 1363 2724 omittit,
1400 2667 1468 2729 quo

242 2754 337 2820 facile
366 2773 526 2829 caremus
561 2753 601 2817 cl.
627 2760 738 2818 tamen
762 2754 871 2816 adnot.
900 2755 969 2817 orit.
997 2753 1122 2818 Stahlii.
1149 2793 1192 2800 —
1215 2752 1237 2839 ξ
1261 2755 1280 2816 2
1305 2754 1467 2818 molestis-

241 2863 358 2925 simam
377 2862 610 2925 abundantiam
630 2860 803 2924 verborum
823 2861 1041 2943 παραπλήσιον
1062 2861 1096 2924 at
1115 2861 1169 2924 καὶ
1187 2862 1229 2924 οὐ
1243 2861 1353 2942 πολλῷ
1371 2862 1468 2925 πλέον

241 2967 361 3031 frustra
389 2968 471 3031 locis
499 2967 522 3042 l,
551 2967 623 3043 140,
653 2967 686 3039 1;
713 2967 765 3032 22.
791 2968 828 3038 4;
855 2967 906 3042 ΙΙΙ,
936 2968 986 3042 17,
1016 2967 1029 3029 1
1066 2967 1154 3030 haud
1188 2967 1282 3030 valde
1307 2967 1468 3031 similibus

241 3073 438 3138 defendebat
461 3072 666 3146 Classenius;
702 3073 759 3138 sed
788 3073 940 3137 voculam
969 3074 1031 3138 καὶ
1056 3074 1159 3138 Vatie.
1186 3073 1276 3136 solus
1301 3073 1400 3148 addit,
1433 3082 1469 3138 ut

100 3240 105 3250 ‚
222 3181 341 3244 'verba
364 3181 403 3244 οὗ
425 3181 534 3261 πολλῷ
555 3180 650 3244 πλέον
673 3180 837 3260 glossema
855 3180 946 3244 verbi
965 3181 1183 3263 παραπλήσιον
1204 3189 1465 3273 esseappareat.

241 3287 355 3352 Utrum
388 3287 447 3350 ἐπὶ
477 3293 531 3369 τῆς
559 3287 713 3357 Βοιωτίας
742 3282 807 3366 (ad
830 3283 1014 3351 Boeotiam
1044 3290 1181 3369 uersus)
1214 3287 1345 3351 retineri
1369 3286 1469 3351 liceat

240 3412 283 3457 an
308 3412 325 3457 e
348 3393 499 3473 pessimis
519 3393 628 3467 codd,
655 3393 852 3474 quibuscum
874 3394 1074 3466 coniectura,
1102 3394 1227 3473 opinor,
1255 3394 1468 3458 consentiens

239 3501 336 3564 vertit
359 3500 463 3576 Valla,
499 3498 562 3562 ἀπὸ
591 3499 801 3564 scribendum
829 3500 879 3574 sit,
914 3500 969 3562 vix
997 3519 1055 3579 pro
1084 3505 1174 3564 certo
1203 3499 1311 3563 dicere
1341 3499 1465 3572 ausim;

241 3607 379 3671 similem
399 3607 531 3687 quidem
551 3624 692 3670 errorem
710 3607 762 3680 lV,
779 3605 833 3681 54,
854 3607 869 3668 1
893 3605 1147 3685 deprehendisse
1165 3607 1293 3670 videtur
1308 3605 1464 3670 Stahlius,

240 3751 284 3758 —
306 3711 372 3798 §3
400 3714 434 3776 in
459 3713 563 3776 Vatio.
595 3720 644 3776 est
673 3713 874 3785 ἀττέοτειλλον,
908 3719 941 3776 θῖ
970 3713 1114 3792 placeret
1142 3719 1230 3778 certe
1259 3713 1361 3793 magis
1390 3713 1467 3776 ἀττέ-
1528 3770 1530 3774 ,

240 3820 358 3884 στειλον
383 3817 435 3905 (of.
461 3817 484 3904 ξ
506 3816 556 3906 4);
590 3819 647 3884 sed
672 3817 811 3883 fortasse
835 3820 978 3902 ἐτείχιζον
1001 3820 1035 3882 in
1059 3838 1161 3884 eausa
1184 3817 1244 3882 fuit
1267 3837 1326 3882 cur
1348 3819 1466 3898 imper-

241 3926 362 3991 fectum
395 3933 582 4006 poneretur.
609 3925 760 3990 —Ante
792 3926 1011 4008 νεοδαμώδων
1035 3925 1179 3990 Stahlius
1211 3925 1245 3988 in
1277 3925 1328 3988 ed.
1363 3925 1466 3990 altera

240 4034 331 4097 artic.
353 4039 417 4097 τῶν
441 4033 590 4108 secludit,
617 4033 695 4115 quia
717 4033 750 4096 in
775 4031 922 4112 plurimis
946 4033 1037 4096 libris
1061 4034 1159 4105 desit;
1186 4033 1243 4096 sed
1263 4033 1347 4095 etin
1367 4032 1463 4096 Laur.

239 4147 272 4204 et
304 4141 338 4204 in
372 4141 475 4204 Vatic.
511 4147 608 4216 extat,
645 4145 677 4204 et
710 4139 908 4204 mentionem
942 4158 1056 4204 eorum
1088 4141 1153 4203 iarn
1182 4139 1221 4215 V,
1252 4137 1305 4213 34,
1339 4138 1354 4200 1
1390 4137 1468 4214 fecit

241 4247 458 4329 Thucydides,
495 4245 535 4311 cf.
573 4247 654 4321 Vlll,
685 4245 716 4321 b,
749 4246 778 4309 1.
836 4246 872 4309 ln
904 4247 1067 4312 versiculo
1100 4247 1249 4326 proximo
1281 4250 1413 4310 rectene
1448 4265 1466 4310 θ

242 4355 344 4419 Vatic.
381 4355 453 4419 solo
486 4353 684 4435 praepositio
718 4353 750 4424 ἐς
781 4353 920 4418 addatur
952 4353 1076 4428 dubito,
1112 4371 1187 4416 curn
1220 4352 1347 4416 numeri
1381 4359 1465 4417 cete-

240 4480 352 4525 rorum
376 4462 573 4526 auxiliorum
596 4466 751 4525 accurate
775 4459 898 4524 definiti
922 4459 1002 4531 sint;
1029 4458 1192 4523 Diodorus
1216 4458 1348 4538 quidem
1369 4457 1463 4544 (XIII,

240 4568 271 4644 8,
307 4567 339 4655 3)
373 4588 441 4634 non
474 4568 574 4632 addit.
604 4603 648 4612 —-
676 4567 712 4630 ln
739 4564 809 4651 §4
842 4571 918 4634 ante
953 4565 1108 4646 Ταινάρου
1141 4564 1315 4628 articulum
1347 4565 1466 4628 omittit
