3244 5060
836 333 880 398 30

248 529 321 575 esse
355 517 471 591 potest,
507 518 745 592 expungentem
781 513 874 592 sequi
906 513 1026 576 malim.
1061 551 1090 558 --
1119 513 1233 577 Melius
1268 515 1369 578 Vatic.
1405 515 1470 598 ἤθη

244 613 323 687 ’ναῦς
345 618 480 697 praebet
504 636 603 698 quam
627 624 703 682 cett.
729 625 805 688 ναῦς
828 619 900 702 ἤθη,
925 620 983 683 sed
1006 621 1113 684 minus
1138 621 1221 685 bene
1247 621 1399 694 ἐξώθουν.

338 723 398 803 63,
426 724 445 787 2
479 723 669 789 adverbium
704 726 807 808 ταύτῃ,
841 725 929 806 quod
954 726 1056 790 Vatic.
1083 745 1188 806 paene
1212 727 1468 817 soluswexhibet,

248 832 460 895 additamenti
492 831 595 895 simile
628 838 688 908 est,
724 850 800 895 cum
830 833 909 912 quin
932 833 1087 914 Tyrrheni
1113 834 1154 897 ad
1178 835 1377 914 crepidinem
1401 835 1472 918 (τὴν

246 939 357 1021 χηλὴν)
387 940 421 1001 in
449 938 611 1018 praesidio
640 938 737 1018 positi
761 937 880 1003 fuerint
904 941 1025 1004 nemini
1051 941 1148 1020 paulo
1172 941 1326 1005 attentius
1350 941 1470 1021 legenti

247 1044 382 1108 duqum
406 1064 478 1110 esse
502 1046 615 1125 possit.
639 1043 712 1130 -ξ
732 1045 752 1109 3
777 1052 857 1112 extr.
884 1047 970 1110 maie
986 1048 1080 1110 Laur.
1107 1047 1195 1110 θυοῖν
1218 1048 1349 1118 δεούσας
1372 1050 1470 1112 εἴκοσι

247 1154 284 1221 ἃς
307 1153 337 1215 οἱ
358 1151 396 1214 Σ.
421 1151 568 1232 praebet;
595 1151 744 1215 librarius
761 1153 865 1216 Vatic.
883 1177 929 1235 γρ.
945 1161 1025 1233 part.
1043 1153 1101 1235 μὲν
1121 1161 1196 1218 ante
1214 1154 1330 1224 πολλὰς
1345 1155 1470 1218 omissa

246 1258 374 1338 longina
408 1275 598 1338 progressus
631 1265 689 1323 est.
716 1295 760 1304 —-
783 1257 805 1344 ξ
828 1259 849 1322 4
873 1260 907 1322 in
931 1260 1035 1322 Vatic.
1068 1261 1176 1323 mInus
1203 1267 1291 1324 recte
1316 1261 1469 1324 scribitur

246 1365 432 1447 βουλόμενοι
455 1366 620 1448 ἐμπρῆσαι,
644 1366 731 1446 quod
756 1363 895 1430 fortasse
919 1367 960 1429 ad
985 1367 1227 1430 similibudinem
1251 1367 1334 1431 loce.
1355 1360 1409 1444 52,
1427 1367 1466 1431 2:

245 1471 439 1553 βουλόμενον
469 1472 717 1554 περικλῄσασθαι
750 1480 782 1535 ei
813 1470 867 1548 53,
896 1473 929 1535 1:
964 1473 1157 1555 βουλόμενος
1181 1474 1372 1556 διαφθείρειν
1395 1491 1467 1538 cor·

246 1583 375 1642 rectura
397 1578 537 1658 positum
562 1585 620 1642 est.
661 1577 776 1642 Melius
800 1577 938 1668 fortasse
961 1579 1049 1642 idem
1071 1581 1126 1662 τήν
1143 1604 1179 1642 ιε
1197 1581 1299 1662 φλόγα
1319 1580 1466 1660 praebet:

336 1683 383 1749 64
408 1685 512 1748 Vatic.
548 1685 639 1748 solus
671 1686 763 1748 artIc.
799 1692 875 1749 ante
898 1685 1091 1768 Συρακόσιοι
1118 1693 1205 1751 recte
1230 1687 1355 1762 omittit,
1391 1705 1469 1750 cum

246 1793 276 1854 ot
297 1791 356 1872 μὲν
377 1791 456 1872 Συρ.
480 1791 558 1870 poni
581 1791 730 1854 debuerit
753 1797 784 1855 et
803 1792 964 1875 Ἀθηναῖοι
988 1791 1022 1855 δὲ
1046 1799 1210 1873 sequatur.

338 1898 397 1978 55,
423 1899 439 1960 1
467 1898 569 1962 Vatic.
597 1905 672 1962 ante
695 1904 749 1961 τοῦ
773 1905 919 1962 ναυτικοῦ
943 1901 1056 1978 partic.
1082 1900 1136 1963 καὶ
1159 1900 1286 1974 omittit,
1320 1917 1386 1980 qua
1409 1899 1467 1962 dif-

245 2004 373 2068 ficulter
387 2023 547 2080 caremus,
573 2003 613 2068 cf.
632 2003 704 2090 §2:
730 2006 794 2068 καὶ
816 2011 881 2076 ταῖς
903 2006 1010 2068 ναυσὶν
1033 2007 1269 2089 ἐκρατήθησαν·
1292 2008 1325 2068 in
1349 2007 1469 2071 eodem

246 2130 304 2190 pro
329 2111 378 2194 δὴ,
412 2112 499 2192 quod
533 2113 701 2176 notionem
733 2112 822 2175 πανιὶ
850 2113 1015 2192 eleganter
1037 2113 1184 2187 intendit,
1215 2113 1277 2195 ἤθη
1302 2112 1464 2189 scribitur,

246 2236 344 2298 quam
368 2218 620 2299 discrepantiam
644 2219 775 2298 saepius
798 2218 990 2282 redeuntem
1016 2216 1067 2302 (ef.
1091 2220 1142 2295 71,
1161 2219 1196 2292 2;
1224 2220 1275 2284 77.
1294 2218 1329 2292 3;
1355 2220 1408 2296 81,
1427 2220 1465 2294 2;

245 2324 325 2402 VIII,
352 2325 405 2402 53,
432 2324 464 2410 3)
491 2327 569 2406 quin
593 2326 770 2390 correctori
794 2325 976 2389 tribuamus
1001 2325 1108 2389 facere
1132 2327 1185 2388 vix
1209 2344 1394 2405 possumus.
1422 2365 1468 2373 -

245 2429 267 2516 ξ
291 2431 310 2493 2
335 2433 369 2494 in
389 2433 482 2495 Laur.
509 2434 562 2496 καὶ
584 2433 674 2496 ναυσὶ
697 2433 751 2495 καὶ
774 2434 878 2503 ἵπποις
901 2433 954 2496 καὶ
976 2433 1107 2515 μεγέθη,
1130 2433 1164 2494 in
1184 2433 1287 2496 Vatic.
1314 2433 1366 2495 καὶ
1389 2440 1468 2504 ναῦς

245 2538 298 2600 καὶ
321 2539 434 2608 ἵππους
456 2539 509 2602 καὶ
531 2541 657 2620 μεγέθει
681 2544 779 2614 extat,
811 2557 829 2602 e
853 2539 971 2618 quibus
996 2539 1163 2619 scrIpturis
1186 2539 1250 2601 καὶ
1272 2539 1379 2602 ναυσὶ
1401 2541 1468 2603 καὶ

245 2647 371 2715 ἵπποις
398 2645 460 2707 καὶ
487 2646 640 2726 μεγέθει
668 2643 874 2708 efficiendum
898 2663 971 2709 esse
994 2646 1130 2716 videtur,
1166 2651 1203 2708 ut
1235 2664 1293 2724 pro
1321 2646 1467 2728 ἐχούσαις

245 2752 333 2831 quod
357 2752 488 2831 languet
511 2752 701 2815 coniectura
715 2751 835 2814 Dukeri
858 2752 1053 2833 ἰοχυούσαις
1075 2752 1267 2831 recipiatur;
1293 2751 1350 2814 litt.
1377 2753 1467 2816 enim

225 2885 264 2950 ,η
289 2865 320 2923 et
343 2883 368 2922 ει
391 2859 581 2938 saepissIme
602 2859 636 2920 in
656 2858 750 2921 codd.
771 2859 855 2920 inter
874 2874 910 2920 se
928 2863 1162 2936 permutantur.
1202 2858 1348 2934 Accedit,
1375 2859 1464 2938 quod

245 2965 450 3046 Thucydides
479 2966 609 3045 quidem
637 2982 801 3045 nusquam
824 2964 902 3026 alibi
924 2965 1044 3047 μεγέθη
1069 2971 1124 3028 aut
1147 2965 1253 3047 πλήθη
1280 2962 1331 3049 (οἵ.
1356 2963 1463 3028 Stahl.

245 3073 286 3136 ad
302 3073 339 3146 V,
357 3071 410 3148 68,
428 3071 460 3157 2)
486 3073 645 3136 similiave
669 3071 786 3151 posuit.
804 3071 925 3134 —Pro
947 3073 1016 3134 οὔτε
1034 3071 1066 3134 in
1086 3079 1224 3151 utroque
1246 3071 1319 3134 eod.
1338 3070 1387 3134 bis
1401 3073 1464 3134 οθί

245 3180 483 3258 scriptumest.
532 3178 595 3242 Pro
623 3179 811 3260 κρείσσονος,
845 3177 933 3257 quod
957 3178 1060 3241 schol.
1088 3177 1185 3258 Lugd.
1210 3179 1353 3258 μείζονος
1375 3195 1464 3240 com·

244 3285 409 3366 probatur,
444 3285 478 3347 in
510 3290 649 3365 utroque
682 3291 732 3348 est
764 3285 934 3366 κρείσσους,
968 3285 1025 3348 sed
1058 3285 1092 3347 in
1124 3285 1226 3348 Vatic.
1253 3283 1324 3346 solo
1348 3285 1462 3362 partic.

244 3394 329 3462 ὄντες
362 3409 401 3455 ex
434 3391 498 3454 alto
531 3391 657 3454 schoIIo
690 3392 824 3454 ductum
857 3392 1004 3454 additum
1036 3397 1096 3455 est.
1145 3390 1234 3454 Idem
1257 3389 1337 3472 πρὸς
1359 3391 1466 3453 αὐτῶν

244 3499 329 3563 maIe
353 3497 492 3562 exhibet.
560 3557 562 3560 .

335 3606 394 3685 66,
422 3604 442 3667 2
471 3605 575 3667 Vatic.
611 3609 699 3667 recte
732 3605 819 3666 αὐτοὶ
849 3604 995 3685 σωθῆναι
1027 3603 1171 3683 praebet.
1220 3603 1256 3665 In
1286 3603 1379 3666 haur.
1415 3611 1466 3666 est

244 3713 445 3784 κωλύσουσι,
470 3712 558 3792 quod
581 3709 831 3790 praeferendum
854 3727 928 3774 esse
952 3715 1040 3790 pute,
1068 3707 1108 3773 cf.
1131 3709 1154 3784 I,
1176 3708 1229 3780 66,
1251 3709 1270 3771 2
1296 3717 1327 3773 et
1350 3710 1461 3773 adnot.

245 3815 430 3898 Kruegeri.1
476 3819 581 3881 Vatic.
608 3823 683 3881 ante
706 3818 875 3898 πράγματα
900 3817 990 3880 arbe.
1015 3816 1061 3889 ιὰ,
1085 3823 1159 3896 post
1177 3817 1355 3898 Ἀθηναίων
1378 3823 1460 3894 part.

244 3949 275 3988 re
299 3924 429 3997 omittit;
464 3925 498 3987 in
523 3925 617 3988 Laur.
644 3924 781 3987 alterum
805 3923 877 3996 ὑπὸ,
911 3924 999 4004 quod
1023 3942 1103 3988 sane
1126 3923 1240 3986 inutile
1265 3927 1323 3997 est,
1359 3922 1461 3999 deest,

245 4030 285 4095 cf.
321 4037 431 4094 tamen
464 4031 573 4094 adnot.
601 4031 765 4112 Kruegeri.
791 4067 835 4076 —-
859 4030 895 4093 In
918 4029 985 4116 §4
1018 4037 1091 4110 post
1118 4031 1198 4112 πλήν
1227 4054 1261 4111 γε
1283 4030 1396 4109 partic.
1423 4029 1463 4112 θὴ

245 4139 362 4202 omittit
389 4137 506 4213 Vatia,
543 4137 655 4202 neseio
688 4156 730 4200 an
763 4137 932 4210 consulto;
967 4139 1100 4218 pertice.
1136 4137 1169 4219 γὲ
1201 4144 1231 4200 et
1265 4135 1304 4217 δὴ
1332 4136 1464 4200 iunctae

244 4264 274 4307 v.
301 4264 329 4308 c.
356 4243 393 4321 II,
419 4243 472 4320 62,
501 4244 534 4316 1;
561 4233 642 4320 VIII,
669 4244 721 4320 41,
748 4243 784 4318 2;
812 4242 912 4324 Soph.
939 4243 1020 4307 Phil.
1047 4243 1111 4306 246
1135 4248 1257 4307 extant.

334 4492 392 4546 ¹In
419 4493 479 4546 Ioco
507 4491 643 4546 simillimo
669 4491 713 4560 VI,
737 4489 778 4553 11,
802 4491 817 4544 7
848 4505 862 4544 e
893 4491 972 4545 Laur.
1001 4495 1038 4557 (et
1065 4487 1133 4557 Pal.)
1162 4487 1344 4556 φυλαξόμεθα
1371 4487 1464 4542 rescri-

243 4579 364 4634 bendum
383 4585 431 4635 est.
