3244 5060
250 473 485 558 Aipasranos
502 469 722 551 Marcionita,
744 492 883 554 quorum
903 493 1001 554 quem
1019 479 1221 554 postremum
1240 475 1334 553 posui
1355 475 1473 537 nullius

251 580 318 646 fere
342 581 544 644 auctoritatis
568 599 641 644 esse
666 586 805 644 constat.
850 579 971 645 Omnes
995 581 1036 644 ad
1060 599 1162 644 unum
1185 581 1337 661 idemque
1361 582 1473 644 arche·

251 694 363 770 typum
382 689 433 751 vel
453 686 680 751 recensionem
699 687 910 767 principalem
930 686 1118 752 referendos
1136 706 1218 762 esse,
1241 689 1473 751 communitate

252 794 444 859 mendorum
469 794 767 874 glossematumque
791 795 1004 874 plurimorum
1028 795 1106 859 satis
1129 795 1309 858 indicatum
1329 800 1392 870 est;
1419 794 1475 857 sed

252 901 336 964 duae
360 900 512 963 codicum
532 901 625 980 quasi
645 898 787 965 familiae
812 903 896 964 inter
915 920 950 964 se
970 901 1207 966 discernendae
1226 906 1311 976 sunt,
1339 918 1476 980 quarum

252 1008 354 1071 altera
379 1007 470 1070 libris
502 1003 620 1085 Vatia,
651 1003 738 1084 Pal,
768 1003 856 1086 irat,
887 1005 988 1090 Any,
1020 1008 1121 1072 altera
1144 1004 1252 1072 Lacr.
1279 1013 1310 1070 et
1334 1003 1474 1070 Monac.

253 1115 331 1178 solis
355 1114 554 1190 continetur3
581 1114 779 1193 peculiarem
800 1115 964 1195 quendam
984 1115 1094 1178 locum
1114 1114 1212 1178 habet
1231 1109 1474 1190 Londinensr'a

253 1221 308 1301 qui
339 1221 531 1284 memoriam
564 1220 661 1283 modo
695 1239 771 1284 cum
806 1222 857 1284 his
890 1221 989 1284 modo
1023 1239 1098 1283 cum
1125 1221 1189 1283 illis
1217 1221 1476 1284 consentientem

252 1327 397 1408 praebet.

341 1431 508 1497 Difficilior
545 1435 646 1498 oritur
679 1433 843 1514 quaestio,
885 1451 960 1496 cum
993 1433 1033 1497 de
1068 1433 1237 1498 codicibus
1270 1453 1337 1498 non
1371 1433 1477 1497 solum

224 1545 413 1604 tvetustate
443 1547 475 1604 et
503 1541 709 1620 cognatione,
743 1539 801 1603 sed
825 1539 923 1603 etiam
946 1539 1092 1604 bonitate
1117 1546 1148 1604 et
1172 1541 1358 1605 sinceritate
1383 1540 1476 1604 aesti-

253 1641 380 1711 mandis
412 1652 535 1727 agetur.
589 1647 771 1718 Bekkerus‚
808 1664 906 1727 quem
939 1647 1086 1726 sequitur
1119 1643 1273 1712 Statuas
1306 1667 1372 1728 quo
1406 1652 1478 1726 post

252 1754 344 1817 illum
374 1771 471 1817 nemo
499 1751 565 1817 fere
593 1753 634 1816 de
658 1753 847 1834 Thucydide
875 1754 1079 1818 recensendo
1108 1755 1225 1818 melius
1253 1756 1388 1818 meritus
1416 1759 1475 1828 est,

254 1861 446 1924 Vaticanum
477 1861 623 1923 omnium
647 1861 965 1940 praestantissimum
988 1860 1116 1938 habuit;
1147 1862 1240 1924 cuius
1264 1867 1375 1925 tamen
1398 1860 1476 1924 iudi·

254 1969 340 2032 cinm
368 1973 541 2047 propterea
568 1985 723 2031 mancum
752 1967 821 2031 fieri
850 1986 986 2032 necesse
1015 1974 1093 2042 erat,
1127 1969 1215 2049 quod
1239 1968 1312 2032 libri
1336 1969 1476 2032 Lauren-

253 2076 333 2138 tiani
357 2076 496 2155 partium
522 2075 726 2155 quarundam
752 2075 897 2139 solarum
923 2075 957 2161 (l,
982 2075 1021 2138 15
1032 2113 1075 2121 --
1086 2075 1122 2151 ll,
1147 2075 1209 2139 103
1218 2097 1224 2153 ;
1252 2076 1332 2152 Vlll,
1357 2073 1476 2158 1*31)

254 2183 432 2262 scripturas
465 2187 665 2258 enotaverat,
701 2200 763 2246 nec
797 2183 838 2244 ad
870 2182 934 2246 hoc
967 2183 1123 2245 damnum
1150 2182 1368 2261 reparandum
1398 2182 1477 2244 satis
1523 2197 1526 2206 ’

253 2290 365 2364 valuit,
396 2289 485 2369 quod
514 2289 690 2369 scripturas
720 2289 792 2352 cod.
812 2289 1028 2352 Monacensis
1056 2294 1151 2352 notas
1175 2288 1327 2363 habebat,
1359 2289 1479 2369 quippe

255 2397 310 2476 qui
342 2398 446 2458 multo
478 2396 641 2459 recentior
674 2397 724 2458 sit.
780 2395 892 2458 Libros
921 2395 961 2458 lll
990 2401 1021 2459 et
1049 2396 1090 2458 lV
1124 2395 1164 2459 ad
1198 2415 1293 2458 usum
1327 2395 1479 2458 editionis

255 2520 334 2565 suae
363 2499 579 2565 conferendos
609 2503 735 2565 curavit
759 2501 950 2578 Arnoldius;
981 2503 1034 2565 cui
1062 2508 1172 2566 tamen
1200 2502 1369 2566 collationi
1398 2501 1479 2565 fides

254 2609 367 2673 haberi
390 2626 458 2670 non
476 2613 594 2687 potest.
634 2609 871 2673 Praestantiam
888 2610 1097 2689 praecipuam
1113 2610 1321 2673 Laurentiani
1340 2609 1476 2688 primus

256 2721 414 2796 quantum
441 2715 520 2790 scio,
557 2717 689 2796 agnovit
714 2711 915 2793 Schoenitas
947 2717 1003 2796 qui
1030 2716 1130 2779 libros
1158 2717 1170 2779 l
1199 2722 1230 2780 et
1257 2716 1284 2779 ll
1313 2715 1480 2794 scripturis

254 2829 321 2886 tam
353 2823 561 2885 Laurentiani
594 2841 692 2902 quam
723 2822 873 2886 Vaticani
900 2822 1145 2902 diligentissime
1173 2822 1332 2902 excerptis
1362 2840 1402 2885 ex
1430 2840 1479 2885 re-

256 2930 412 2993 censione
435 2928 638 3000 Bekkeriana
666 2928 766 2992 edidit
796 2926 913 3013 (Berol.
944 2929 1039 3006 1874,
1071 2927 1110 2992 cf.
1141 2929 1287 2993 eiusdem
1316 2928 1417 2992 verba
1446 2929 1481 2990 in

256 3035 404 3098 Bursian.
426 3035 606 3116 jahresber.
636 3033 748 3118 1877);
785 3042 899 3115 postea
921 3033 961 3098 L.
989 3033 1144 3100 Sodeeus
1175 3034 1226 3120 (de
1251 3035 1344 3098 Dion.
1371 3035 1478 3098 Halic.

257 3143 365 3221 script.
386 3143 469 3204 rhet.
491 3147 630 3222 quaestt.
652 3144 735 3206 critt.
759 3143 929 3223 Argentor.
955 3142 1055 3220 1878;
1081 3161 1111 3205 v.
1137 3143 1283 3223 inprimis
1308 3160 1379 3222 pag.
1405 3141 1479 3226 140)

257 3249 501 3328 comparatione
532 3249 766 3329 scripturarum
795 3251 964 3330 utriusque
993 3250 1116 3314 codicis
1146 3257 1178 3314 et
1205 3268 1317 3314 earum
1342 3267 1423 3329 quas
1447 3249 1481 3310 in

257 3355 445 3437 Thucydide
468 3355 633 3420 laudando
657 3357 754 3420 tradit
774 3357 949 3438 Dionysius
967 3357 1131 3420 Halicarn.
1158 3358 1192 3419 in
1215 3357 1266 3419 his
1288 3357 1367 3436 ipsis
1391 3354 1481 3418 libris

256 3464 403 3525 instituta
427 3462 678 3526 laurentianum
703 3464 864 3527 Vaticano
889 3468 1054 3542 praestare
1078 3463 1244 3526 iudicavit.
1288 3464 1346 3526 His
1370 3461 1478 3537 rebus,

257 3570 383 3648 opinor,
409 3575 575 3648 permotus
600 3571 697 3633 etiam
718 3569 861 3634 Stahlius
885 3569 977 3632 illum
1001 3569 1150 3633 codicem
1177 3571 1360 3650 «propriam
1380 3587 1480 3650 quan-

256 3676 332 3738 dam
346 3675 530 3738 ‚verborum
556 3675 755 3758 Thucydidis
780 3677 970 3740 memoriam
996 3675 1172 3755 praebere»
1198 3676 1232 3739 in
1256 3676 1306 3740 ed.
1333 3673 1374 3738 lll
1398 3675 1480 3754 Pop·

257 3783 355 3861 piana
377 3781 448 3844 libri
473 3782 484 3844 l
510 3779 615 3867 (proll.
642 3802 672 3862 p.
698 3780 753 3868 46)
786 3789 933 3846 statuens
958 3782 1153 3846 Vaticanum
1181 3783 1344 3846 interdum
1373 3799 1481 3862 asper-

258 3895 353 3952 natus
377 3894 440 3964 est;
467 3889 524 3952 sed
549 3890 652 3953 multo
676 3890 823 3970 pluribus
843 3889 941 3953 etiam
961 3889 1043 3953 locis
1063 3891 1257 3970 scripturam
1274 3888 1482 3954 Laurentiani

257 3997 402 4074 recipcre
426 3995 547 4072 debuit,
575 4015 713 4077 quorum
738 3996 899 4077 quosdam
923 3995 1007 4060 infra
1031 3998 1197 4077 attingam.
1457 4079 1460 4086 Ι

347 4101 411 4166 Sed
431 4102 472 4165 ad
491 4109 588 4182 caput
608 4104 810 4184 quaestionis
828 4103 1009 4167 veniamus.
1050 4105 1198 4184 Namque
1217 4123 1291 4167 cum
1312 4103 1344 4164 in
1364 4103 1482 4166 ceteris

259 4210 347 4273 libris
371 4209 569 4290 Thucydidis
599 4229 638 4274 ea
665 4215 791 4273 tantum
821 4208 1002 4273 differentia
1025 4211 1109 4273 inter
1132 4210 1264 4274 codices
1287 4209 1478 4278 intercedat,

259 4323 294 4380 ut
321 4316 512 4397 plerumque
541 4335 625 4397 quae
653 4318 814 4396 scriptura
830 4318 953 4407 melior
975 4319 996 4380 i.
1024 4337 1052 4381 e.
1079 4316 1120 4380 ad
1144 4319 1339 4382 sententiam
1363 4317 1427 4380 loci
1452 4323 1483 4379 et

259 4443 354 4487 usum
392 4423 547 4505 loquendi
580 4424 826 4506 Thucydideum
864 4425 1111 4490 convenientior
1147 4425 1188 4487 sit
1220 4429 1409 4505 quaeratur,
1449 4423 1482 4484 in

260 4531 388 4595 dnobus
416 4532 589 4612 postremis
619 4530 706 4617 (inde
736 4532 777 4596 ab
802 4533 854 4611 Vl,
883 4533 939 4622 Ι92,
966 4531 986 4596 5
1015 4531 1127 4596 verbb.
1153 4531 1205 4594 καὶ
1228 4529 1278 4617 ἂν)
1304 4531 1483 4594 Vaticanus
