3262 5052
847 351 909 416 102

264 525 316 614 (cl.
343 528 442 615 lexx.)
476 531 523 594 illi
554 530 773 595 abiudioande
796 537 855 605 est,
891 549 976 611 quae
1000 529 1137 594 fortasse
1161 531 1259 596 etiam
1282 529 1335 606 IV,
1364 529 1439 606 120,
1469 529 1489 593 2

260 634 438 708 invenitur;
473 638 610 714 accedit,
645 637 734 718 quod
768 637 948 701 insolenter
981 638 1032 702 hic
1064 636 1145 720 πρὸς
1176 637 1311 720 ἀλλήλας
1340 637 1488 701 additum

261 749 321 819 est,
357 761 433 806 cum
465 745 546 808 alias
569 745 765 809 adiectivum
789 743 939 810 absolute
963 749 1114 824 ponatur.
1163 743 1362 808 Adverbium
1386 743 1489 824 ὅμως,

261 849 349 928 quod
381 851 470 914 varie
503 852 757 932 interpretantur
790 851 941 926 editores,
977 852 1056 932 quin
1091 850 1308 931 corruptelam
1342 849 1490 914 occultet

260 972 329 1019 non
361 956 489 1033 dubito;
526 956 662 1022 fortasse
687 957 894 1039 Thucydides
927 958 1072 1040 ὁμοίως
1101 954 1133 1044 (i.
1160 975 1188 1021 e.
1215 957 1274 1039 οὐχ
1297 954 1402 1038 ἧσσον,
1421 973 1487 1038 pa·

261 1057 358 1146 riter)
393 1064 532 1143 scripsit,
567 1083 633 1144 quo
666 1065 786 1129 civium
810 1062 1062 1129 Atheniensium
1092 1065 1129 1127 in
1161 1061 1320 1144 suffragiis
1344 1061 1489 1127 ferendis

260 1168 400 1233 eandem
432 1187 531 1250 quam
564 1176 730 1235 oratorum
759 1171 792 1234 in
820 1171 991 1236 sententiis
1015 1171 1237 1250 proponendis
1260 1169 1487 1234 diversitatem

261 1271 360 1340 luisse
384 1275 589 1357 significaret.

351 1381 411 1460 51,
434 1382 466 1446 2.
492 1375 637 1466 ἐβούλετο
656 1383 690 1448 δὲ
708 1383 824 1455 Νικίας
845 1385 900 1467 τὴν
924 1384 1071 1467 φυλακὴν
1084 1383 1227 1457 -εῖναι,
1250 1383 1323 1453 τούς
1335 1406 1367 1445 τε
1381 1380 1486 1446 Πελο-

260 1489 448 1580 ποννησίοις
471 1489 561 1560 ὅπως
582 1490 627 1572 μὴ
651 1495 801 1554 ποιῶνται
824 1489 904 1574 κτλ]
930 1491 1156 1555 accusativum
1174 1490 1255 1554 locis
1275 1507 1295 1553 a
1313 1487 1487 1553 Classenio

260 1593 378 1658 adlatis
405 1614 520 1675 parum
545 1595 684 1668 delendi,
721 1595 847 1662 Stahlio
881 1615 1015 1676 prorsus
1048 1597 1226 1669 assentiam
1262 1596 1350 1676 quod
1374 1602 1488 1660 autem

260 1700 329 1780 ipse
353 1707 485 1765 σκοπῶν
507 1709 585 1766 ante
608 1703 698 1774 ὅπως
721 1703 882 1768 excidisse
906 1703 1092 1783 suspicatus
1116 1711 1175 1778 est,
1202 1703 1281 1766 satis
1305 1700 1400 1766 facile
1415 1701 1488 1766 fieri

260 1807 365 1885 potuit
395 1807 459 1872 hoc
489 1809 632 1889 quidem,
668 1810 726 1874 sed
758 1828 834 1874 cum
858 1827 898 1874 ea
922 1827 1006 1890 quae
1029 1808 1115 1874 inira
1138 1815 1334 1891 sequuntur:
1368 1815 1432 1879 τοῖς
1454 1833 1488 1872 τε

259 1911 460 1996 Μεγαρεῦσιν
491 1916 553 1979 κτλ.
586 1934 606 1979 a
637 1916 746 1981 verbis
779 1916 835 2000 τὴν
871 1916 1017 1999 φυλακὴν
1054 1915 1130 1980 εἶναι
1167 1917 1309 1997 pendere
1347 1933 1487 1980 necesse

260 2020 316 2096 sit,
356 2021 445 2100 prius
482 2041 613 2104 quoque
650 2023 834 2089 membrum
870 2039 946 2087 cum
983 2023 1033 2086 his
1066 2023 1279 2086 coniunctum
1311 2039 1384 2086 esse
1417 2022 1488 2086 veri

260 2127 399 2191 similius
422 2133 486 2202 θείς
513 2130 630 2210 Krueg.
657 2133 798 2194 σκοπεῖν
820 2129 1017 2194 coniecerat.
1060 2128 1132 2192 Τῶν
1153 2151 1185 2193 τε
1207 2127 1486 2210 Πελοποννησίων,

260 2234 350 2314 quod
378 2235 475 2300 nimis
502 2254 523 2300 a
550 2236 706 2301 librorum
736 2237 896 2302 memorie
918 2235 1065 2312 discedit,
1100 2235 1244 2300 scribere
1268 2252 1336 2298 non
1358 2234 1484 2306 audem

262 2340 319 2404 sed
349 2339 488 2407 fortasse
511 2343 719 2426 Thucydides
741 2350 806 2407 τοῦ
828 2367 864 2406 τε
886 2342 1197 2426 Πελοποννησίου
1221 2341 1359 2422 scripsit,
1395 2341 1486 2421 quod

260 2452 393 2526 propter
414 2449 622 2514 insolentiam
645 2450 798 2515 vocabuli
820 2447 972 2515 facillime
992 2450 1156 2530 corrumpi
1175 2449 1289 2529 potuit.
1331 2445 1488 2512 Similiter

260 2553 298 2628 V,
325 2551 356 2628 3,
382 2555 403 2617 4
426 2555 460 2618 τὸ
483 2555 739 2640 Πελοποννήσιον
762 2563 794 2620 et
818 2557 898 2632 VIII,
925 2557 955 2633 2,
982 2559 1003 2621 4
1025 2557 1060 2620 τὸ
1083 2555 1249 2620 Σικελικὸν
1271 2554 1390 2634 posuit,
1418 2571 1482 2618 nec

259 2665 409 2724 ποιῶνται
439 2663 527 2742 quod
556 2663 704 2743 sequitur
725 2663 827 2726 ullam
851 2661 1008 2727 otiensam
1032 2663 1141 2727 habet.
1190 2661 1356 2726 Herwerd.
1383 2661 1484 2725 auda-

260 2767 384 2830 ciorem
408 2769 630 2833 coniecturam
645 2767 815 2832 Badhamii
837 2770 874 2838 ἔς
891 2793 923 2832 τε
940 2769 1215 2852 Πελοποννησίους
1236 2767 1370 2848 recepit,
1397 2785 1484 2848 quae

260 2872 358 2936 etiam
387 2874 429 2938 ob
458 2874 630 2938 articulum
659 2875 817 2938 omissum
841 2875 948 2938 minus
972 2875 1093 2956 placet;
1126 2876 1273 2957 sequitur
1296 2875 1384 2938 enim
1407 2881 1486 2946 τοῖς

261 3001 293 3042 τε
315 2979 524 3064 Μεγαρεῦσιν.
545 3017 585 3027 -
608 2980 702 3060 Quod
726 2981 877 3046 scribitur
899 2981 966 3046 οίον
988 2982 1098 3046 καὶτὸ
1121 2983 1194 3066 πρὶν
1217 2981 1393 3065 γενόμενον,
1418 2981 1483 3045 edi-

260 3091 359 3162 tores,
391 3087 581 3168 praesertim
605 3088 661 3168 qui
684 3088 857 3152 articulum
880 3105 948 3153 non
971 3089 1012 3154 ad
1035 3088 1237 3163 adverbium,
1263 3088 1321 3153 sed
1345 3087 1387 3152 ad
1411 3105 1483 3168 par-

260 3191 405 3272 ticipium
430 3195 592 3274 pertinere
615 3201 806 3271 statuerent,
832 3196 1056 3262 coniecturam
1080 3195 1235 3277 Kruegeri
1257 3193 1319 3258 τὸν
1342 3213 1410 3258 non
1434 3213 1482 3260 re·

261 3299 388 3380 cepisse
411 3301 520 3366 miror.

351 3406 411 3488 52,
444 3407 475 3472 2.
510 3410 674 3492 εἰρημένον
705 3410 766 3492 γὰρ
798 3409 838 3492 ἦν
869 3411 957 3492 αὐτῷ
988 3409 1068 3493 κτλ]
1101 3409 1237 3474 adnotat
1268 3408 1480 3473 scholiastes:

260 3511 450 3587 ἀντίτπωοις,
474 3517 541 3598 ἤτοι
564 3517 712 3600 ολτιοτικὴ
736 3517 802 3580 ἀντὶ
825 3523 955 3599 γενικῆς.
979 3517 1044 3579 ἀντὶ
1061 3521 1116 3580 τοῦ
1135 3517 1300 3598 εἰρημένου
1319 3513 1379 3596 γὰρ
1394 3515 1484 3597 αὐτῷ

259 3615 351 3692 ολπεν,
384 3640 450 3702 qna
481 3622 694 3688 adnotatione
726 3623 903 3704 perductus
927 3621 1070 3687 Cobctus
1105 3621 1157 3708 (ad
1182 3621 1301 3704 Hyper.
1332 3639 1379 3685 or.
1411 3619 1480 3686 fun.

260 3741 291 3803 p.
318 3724 384 3811 68),
412 3747 509 3810 quem
533 3736 667 3794 secutus
690 3736 740 3794 est
762 3729 942 3806 Herwerd„
968 3729 1069 3794 verha
1092 3728 1152 3811 γὰρ
1174 3727 1214 3811 ἦν
1237 3727 1365 3792 delevit.
1415 3725 1482 3792 Sed

260 3841 336 3894 cum
369 3835 563 3901 scholiastes
595 3836 664 3916 ipse
697 3835 757 3918 γὰρ
785 3836 819 3900 in
847 3835 1025 3917 exemplari
1049 3853 1109 3899 suo
1132 3834 1297 3898 invenisse
1320 3833 1479 3906 videatur.

260 3938 324 4004 hoc
357 3943 504 4021 spurium
536 3943 590 4006 vix
623 3948 687 4016 est;
722 3942 832 4023 potius
863 3943 1000 4008 verbum
1023 3941 1071 4025 ἦν,
1103 3941 1192 4023 quod
1215 3941 1269 4006 ille
1294 3940 1413 4015 omisit,
1448 3942 1482 4004 in

260 4047 480 4127 suspicionem
503 4067 623 4114 vocare
647 4049 734 4125 licet,
760 4055 793 4113 et
815 4047 885 4113 fieri
908 4053 1016 4130 potest
1038 4054 1074 4112 ut
1096 4048 1160 4112 hoc
1183 4047 1216 4111 in
1238 4047 1334 4111 codd.
1361 4049 1482 4112 nostris

259 4153 461 4219 inculcatum
485 4156 542 4232 sit;
568 4157 609 4220 de
632 4155 733 4220 verbo
757 4153 833 4218 εῖναι
856 4156 979 4220 omisso
1003 4153 1044 4220 ei.
1066 4155 1184 4236 Krneg.
1201 4151 1444 4238 graminum,
1464 4155 1478 4217 1

260 4260 336 4325 adn.
366 4261 387 4326 6
419 4268 453 4326 ct
484 4261 549 4337 Vll,
580 4263 633 4338 77,
663 4261 695 4339 6,
730 4261 786 4326 uhi
818 4263 982 4345 εἰρημένον
1014 4280 1072 4342 pro
1105 4261 1295 4326 accusativo
1327 4259 1481 4326 absoluto

260 4369 403 4448 positum
435 4387 509 4435 esse
542 4369 595 4432 vix
627 4367 830 4440 crediderim,
866 4387 941 4432 cum
974 4370 1022 4433 sic
1053 4369 1162 4448 potius
1194 4367 1391 4432 ἀπαντῶντι
1418 4369 1480 4432 κτλ.

260 4473 467 4558 Thucydides
491 4476 655 4557 positurus
680 4473 784 4540 luerit.
824 4475 1026 4540 Inculcatum
1050 4473 1089 4557 ἦν
1111 4493 1185 4540 esse
1205 4474 1271 4549 Vll,
1293 4474 1346 4548 69,
1368 4474 1389 4538 2
1413 4475 1481 4540 veri

261 4581 366 4649 simile
390 4590 449 4658 est,
476 4581 564 4663 quod
587 4589 686 4658 recte,
713 4583 840 4662 opinor,
867 4582 971 4646 Vatic.
998 4581 1088 4646 solus
1112 4582 1240 4646 omittit.
1281 4579 1480 4646 scholiastes
