3262 5052
819 327 883 392 150

230 504 270 569 οὗ
300 525 399 570 omm.
432 504 456 568 C
486 512 517 568 et
548 504 573 567 B
593 543 630 550 -·
654 507 750 568 ἐλπίσι
779 503 862 569 C-
875 506 1027 587 φθάσωσι
1051 504 1132 568 C—
1150 505 1463 588 διαπολεμησόμενον

231 611 303 676 C—
328 613 407 674 ταύύ
433 613 583 694 ἔπραττον
607 611 632 674 Β

322 718 382 784 26.
429 717 448 781 2
472 719 606 801 λιμήρας
630 718 655 780 Β
674 757 717 764 -
736 719 805 781 κατ’
831 717 958 798 ἀντικρύ
983 717 1066 780 Β-
1080 717 1159 780 ἐστιν
1182 715 1207 781 C
1226 755 1270 762 —
1288 719 1413 788 εἵλωτες
1438 719 1461 782 Β

233 863 272 870 -
289 827 357 906 ἅμα
381 843 446 888 om.
474 823 498 888 C
514 862 556 870 -
572 823 592 888 3
616 825 825 908 ξυγκατέβαλε
850 822 931 887 C—
947 824 1070 886 ἐπέπλει
1093 821 1129 899 C,
1155 825 1355 906 έπαταρέπλει
1376 825 1403 887 Β
1419 863 1462 872 -

233 932 300 994 ἐκεῖ
319 931 345 994 Β
361 968 403 976 -
417 937 541 1012 ποιῆται
566 928 603 1015 (ει
625 932 659 994 in
682 955 702 1013 η
728 928 826 1015 corr.)
852 930 877 992 B
892 967 936 976 -
954 931 1001 1000 ὡς
1025 927 1049 992 C

323 1037 382 1103 27.
427 1042 491 1099 τῶν
518 1039 655 1118 θρακάνν
679 1037 703 1101 C
724 1043 849 1101 -τῶν
873 1037 1006 1100 δακικυΐι
1031 1034 1119 1099 C—
1137 1043 1192 1099 τοῦ
1221 1037 1318 1099 αὐτοῦ
1342 1038 1462 1119 θέρους

228 1144 340 1207 τούτου
361 1143 397 1219 Β,
424 1143 457 1205 έν
479 1151 525 1224 τῷ
548 1145 636 1224 αὐτῷ
657 1145 745 1225 θέρει
767 1144 869 1225 τούτῳ
888 1143 913 1205 Β
935 1167 982 1224 γρ.
997 1179 1040 1188 -
1055 1142 1205 1224 συμπλεῖν
1224 1140 1341 1205 (1-2
1363 1144 1460 1226 ἐλάμ-

228 1251 307 1332 βανε
327 1248 362 1325 C,
390 1250 437 1331 δρ.
460 1248 520 1330 γὰρ
544 1251 674 1319 ἕκαστος
696 1250 818 1331 ἡμέρας
841 1249 1019 1331 ἐλάμβανον
1038 1247 1074 1323 Β,
1102 1248 1248 1330 δραγμὴν
1265 1255 1319 1331 τῆς
1337 1251 1461 1331 ἡμέρας

231 1356 362 1441 ἕκαστος
385 1355 560 1437 ἐλάμβανεν
585 1355 609 1418 Β
634 1380 680 1437 γρ.
705 1392 748 1401 -
772 1354 792 1418 3
817 1355 909 1418 δικέλ.
933 1355 967 1417 in
993 1355 1056 1417 δεκ.
1082 1372 1165 1418 corr.
1194 1353 1218 1418 C
1247 1393 1282 1399 —
1309 1355 1372 1418 ύπδ
1396 1362 1461 1420 τῶν

229 1485 261 1522 π.
287 1458 311 1523 C
332 1499 375 1505 —
394 1461 510 1543 χρόνον
534 1461 559 1524 Β
586 1499 618 1505 --
640 1463 778 1543 πρώτοις
802 1460 827 1524 C
851 1467 882 1524 et
907 1460 932 1522 Β
947 1498 990 1506 -
1007 1484 1040 1522 τε
1063 1459 1088 1521 Β
1108 1461 1191 1522 -4
1215 1461 1351 1543 εἰσβολαὶ
1375 1461 1459 1526 C—

229 1567 345 1649 χρόνον
365 1586 430 1630 om.
449 1566 473 1630 C
490 1605 533 1612 —
546 1567 690 1631 πλεόνων
705 1567 729 1631 C
751 1603 788 1613 -
802 1573 947 1649 φρουρᾶς
965 1567 1018 1630 καὶ
1038 1565 1109 1654 (per
1127 1586 1233 1648 comp.
1250 1565 1328 1652 solt)
1344 1570 1459 1631 καταθ.

230 1672 349 1736 Β-ὃ
372 1674 492 1737 τούτων
515 1673 595 1737 πολὺ
620 1671 698 1736 C--
717 1674 873 1736 άπολώλει
892 1673 928 1748 C,
955 1674 1054 1736 ἀπωλ.
1075 1671 1130 1748 C²‚
1157 1674 1257 1737 ἀπωλ.
1280 1675 1381 1737 πάντα
1406 1677 1461 1737 καὶ

230 1779 324 1861 ζεύγη
350 1779 431 1841 Β-
448 1780 601 1862 δσημεραι
625 1780 650 1843 Β
770 1776 772 1782 ’
948 1839 950 1844 .

322 1885 381 1951 28.
428 1893 485 1968 γῆς
509 1884 533 1949 C
558 1892 590 1950 et
614 1886 639 1948 B
658 1923 702 1930 -—
720 1887 853 1950 θάσσων
877 1884 902 1949 C
927 1894 958 1949 et
982 1885 1017 1960 Β,
1043 1887 1165 1950 θάσσω
1184 1885 1229 1950 C²
1248 1887 1461 1950 -θάλατταν

230 1992 348 2055 Β-2
372 1993 581 2074 πλοιούμενοι,
605 1993 622 2055 λ
646 2012 751 2069 erasm
779 1991 815 2068 C,
842 1994 872 2055 οἱ
893 1992 952 2074 μὲν
975 1992 1008 2054 έν
1032 1992 1139 2062 ὅπλοις
1161 1994 1344 2075 ποιούμενοι
1365 1993 1390 2055 Β
1411 2017 1458 2076 γρ.

230 2136 273 2142 -
289 2098 308 2161 3
333 2100 432 2173 ἐπίεζε
456 2098 539 2162 C—
554 2101 744 2182 φιλονεικίαν
768 2097 792 2162 C
817 2105 849 2162 et
873 2099 897 2161 Β
915 2136 954 2142 -
971 2098 1031 2180 γὰρ
1054 2099 1168 2169 αὐτοὺς
1192 2098 1216 2163 C
1239 2105 1271 2163 et
1291 2099 1315 2162 Β
1333 2137 1372 2144 ·--
1388 2100 1456 2163 ἀλλ’

230 2204 314 2266 Β-
329 2206 443 2269 οὐδένα
468 2205 492 2269 C
510 2245 549 2251 -
566 2207 717 2270 έλάσσονα
742 2208 839 2288 αὐτην
861 2230 892 2268 τε
917 2203 941 2268 C
966 2209 998 2267 et
1022 2204 1047 2266 Β
1061 2241 1104 2249 -
1119 2229 1148 2267 κ.
1168 2229 1196 2267 α.
1216 2211 1280 2268 τῶν
1298 2206 1351 2269 ἀθ.
1372 2204 1397 2269 C
1413 2243 1457 2252 ——
1501 2210 1506 2216 ’

230 2312 301 2375 οὐδ’
328 2315 370 2383 εἰς
394 2313 419 2374 Β
450 2312 560 2397 (supra
583 2314 698 2376 interV.
726 2311 838 2376 ve'rbb.
865 2311 968 2381 οὐδεὶς
991 2317 1023 2374 et
1045 2311 1141 2374 πλείω
1166 2309 1291 2397 rasura)
1315 2349 1359 2356 —
1381 2313 1402 2374 4
1426 2337 1458 2374 τε

231 2435 296 2480 om.
324 2417 410 2481 C—
430 2418 510 2481 κατὰ
533 2425 642 2482 τοῦτον
664 2444 687 2482 τ.
711 2444 760 2502 χρ.
786 2419 810 2481 B
829 2455 872 2466 —·
897 2417 1046 2500 ἐποίησαν
1070 2416 1094 2480 C
1119 2424 1152 2481 et
1175 2418 1199 2480 Β
1220 2456 1260 2463 -
1286 2417 1460 2480 ἀπόλλυντο

232 2521 267 2598 C,
294 2541 378 2586 corr.
406 2521 453 2587 C2

321 2629 380 2694 29.
429 2631 577 2712 διιτρεηνεῖ
597 2631 621 2694 C
646 2639 678 2696 et
703 2632 726 2693 Β
743 2669 786 2676 -
800 2632 838 2712 ἥν
862 2629 945 2691 Β-
961 2630 1116 2693 δύνωνται
1139 2629 1164 2694 C
1180 2667 1222 2674 —
1242 2630 1261 2692 2
1285 2655 1317 2694 τε
1340 2649 1405 2694 om.
1434 2631 1458 2694 C

298 2737 486 2806 διαπλεύσας
509 2737 545 2814 Β,
573 2738 730 2800 διέπλευσε
750 2737 775 2798 Β
799 2761 845 2818 γρ.
861 2773 904 2781 -
919 2737 1056 2816 εύρυπον
1080 2735 1198 2800 Β-3
1222 2737 1361 2819 ηὐλίζετο
1381 2736 1405 2800 C
1426 2745 1459 2801 et

231 2843 256 2906 B
281 2868 327 2925 γρ.
347 2881 391 2888 -
410 2844 448 2906 οὐ
473 2862 571 2907 omm.
598 2843 622 2907 C
647 2849 679 2908 et
703 2843 727 2906 B
752 2867 799 2924 γρ.
820 2879 854 2886 —
873 2841 1049 2923 ἀφυλάκοις
1072 2841 1107 2915 C,
1133 2867 1149 2904 τ
1172 2843 1247 2906 add.
1275 2840 1320 2906 C²
1335 2881 1376 2888 ——
1391 2869 1458 2906 τινα

230 2952 315 3032 σφίσι
339 2949 420 3014 C-
436 2951 635 3032 ἐπαναβάντα
660 2948 684 3013 C
709 2955 741 3012 et
764 2949 790 3011 Β
814 2973 861 3030 γρ.
876 2985 918 2992 -
934 2949 994 3011 έστι
1018 2947 1101 3012 C—
1115 2950 1262 3031 βραχέως
1281 2947 1306 3013 C
1326 2955 1359 3013 et
1374 2950 1398 3012 Β
1416 2988 1458 2996 -—

230 3057 251 3118 4
280 3057 334 3119 καὶ
362 3080 426 3138 γυν.
450 3057 504 3119 καὶ
531 3057 615 3120 παῖδ.
645 3057 670 3119 Β
695 3094 736 3102 -
761 3057 850 3138 γένος
876 3061 940 3118 τῶν
967 3056 999 3118 θ.
1024 3055 1050 3117 Β
1073 3093 1116 3101 -
1140 3056 1235 3137 ὅμοια
1260 3054 1284 3120 C
1310 3063 1342 3119 et
1366 3057 1390 3118 Β
1415 3095 1459 3102 -

230 3163 379 3246 θρασήση
406 3161 430 3227 C
445 3201 488 3208 —
503 3162 523 3227 5
547 3165 735 3246 καθεστήκει
759 3163 784 3226 Β
800 3201 841 3208 -
857 3162 971 3245 έσεληλ.
996 3164 1026 3226 οἱ
1048 3187 1079 3224 π.
1105 3162 1130 3224 Β
1146 3169 1238 3244 -τῇ
1261 3163 1346 3244 πάση
1370 3164 1458 3227 πόλει

231 3269 256 3332 Β
272 3307 315 3315 -
330 3270 405 3334 οὐδὲ
428 3276 502 3352 μιᾶς
524 3273 633 3353 ἥσσων
657 3270 681 3334 C
706 3275 738 3334 et
761 3271 786 3333 Β
800 3307 845 3316 --
859 3271 988 3333 ἐπέπεσε
1012 3269 1036 3334 C
1051 3307 1095 3315 -
1110 3271 1188 3352 αὐτῆ
1212 3267 1248 3346 C,
1275 3271 1364 3352 αὐτῆι
1388 3269 1414 3332 Β

321 3377 381 3442 30.
428 3379 526 3459 ἤγαγε
550 3376 574 3441 C
593 3414 637 3422 —
657 3377 676 3440 2
701 3378 916 3440 ἀποκτείνουσι
940 3375 964 3440 C
980 3413 1023 3420 —
1042 3377 1156 3456 ἑώρων
1178 3375 1234 3458 τὴν
1257 3376 1362 3458 φυγὴν
1386 3377 1459 3458 ὁρμ.

230 3485 294 3557 ἔξω
317 3491 371 3548 τοῦ
396 3485 549 3566 ζεύματος
573 3484 609 3560 Β,
641 3490 696 3547 τοῦ
721 3485 893 3565 ζεύγματος
917 3481 941 3546 C
961 3520 1004 3528 —
1022 3483 1156 3565 προεκθ.
1180 3483 1234 3545 καὶ
1258 3481 1282 3546 C
1302 3519 1345 3528 —
1364 3483 1459 3564 ε’γκα-

229 3591 391 3674 ταληηιθέν
415 3590 439 3655 C
465 3597 497 3654 et
520 3591 545 3653 B
566 3627 608 3636 --
628 3589 648 3654 3
671 3615 702 3654 τε
725 3609 790 3653 om.
817 3589 842 3652 B
862 3625 905 3633 -
918 3590 1126 3672 βοιωτάρχων
1151 3588 1175 3652 C
1195 3626 1239 3636 —
1258 3589 1458 3672 άπαναλώθη

231 3695 256 3760 C
282 3704 314 3760 et
337 3697 362 3759 B
377 3736 419 3743 —
434 3699 455 3760 4
478 3699 690 3780 χρησαμένων
714 3697 739 3760 C
764 3703 795 3760 et
819 3696 844 3758 B

321 3803 379 3870 31.
426 3806 462 3868 ἐκ
485 3811 539 3886 τῆς
561 3829 590 3867 ιι.
616 3803 698 3867 C—
712 3805 844 3886 τείχησιν
868 3801 951 3866 C—
966 3810 1024 3884 φιᾷ
1047 3801 1072 3864 Β
1094 3839 1133 3846 -
1155 3801 1259 3884 εὑρὼν
1283 3821 1346 3865 om.
1374 3801 1398 3865 C
1415 3841 1458 3846 —

231 3909 250 3974 2
275 3912 307 3981 ές
329 3936 361 3974 τε
384 3913 452 3984 ζακ.
475 3911 500 3974 Β
516 3949 556 3956 -
573 3911 701 3984 άλυζίαν
725 3908 750 3973 C
775 3916 806 3973 et
830 3909 854 3972 Β
869 3945 913 3953 -
928 3908 948 3971 3
972 3911 1009 3971 ὂν
1029 3907 1053 3972 C
1074 3945 1108 3952 -—
1126 3908 1187 3990 ἤδη
1213 3907 1356 3978 ἑαλωκός
1375 3908 1400 3970 Β
1419 3945 1459 3954 .„

230 4017 252 4079 4
276 4019 435 4099 ἀφικνεῖτο
459 4017 494 4093 C,
522 4019 694 4099 ἀφικνεῖται
718 4015 763 4080 C²
777 4048 820 4062 *ὁ
835 4014 945 4084 ἱκανὰς
968 4013 1044 4078 εἶναι
1068 4013 1130 4077 κτλ.
1155 4013 1180 4075 Β
1206 4011 1457 4099 (εαρθτεονίρλοῑ

230 4129 321 4187 τοῦτο
345 4130 482 4205 κρεῖττον
505 4124 559 4187 καὶ
582 4119 704 4208 σαφὲς),
731 4121 841 4191 ἱκανὰς
864 4122 961 4190 οὔσας
987 4119 1031 4205 (in
1055 4122 1163 4191 οὔσαις
1186 4140 1269 4184 corr.
1294 4117 1350 4206 (2²)
1377 4121 1461 4184 δεοῖν

232 4231 377 4300 δεούσαις
400 4232 497 4293 εἴκοσι
519 4237 584 4300 ταῖς
608 4231 729 4293 ἑαυτῶν
751 4227 832 4309 πρδς
850 4227 912 4289 κτλ.
933 4225 957 4291 C
978 4233 1010 4290 et
1029 4227 1053 4290 Β
1073 4251 1120 4309 γρ.
1136 4227 1214 4291 *5
1237 4227 1459 4291 πεντεκαίδεκα

230 4344 308 4408 ναῦς
332 4337 367 4413 Β,
394 4337 427 4399 in
451 4355 514 4417 mg.
542 4361 588 4418 γρ.
612 4336 666 4399 καὶ
688 4334 910 4399 πεντεκαίδεκά
933 4359 964 4398 τε
987 4341 1122 4404 ναῦς-
1137 4335 1250 4416 ἠιρέθη
1275 4334 1300 4396 Β

322 4443 383 4509 32.
428 4443 565 4526 πλημυρ.
591 4442 615 4507 C
631 4479 674 4489 —
688 4442 872 4524 πυθόμενος
896 4441 920 4504 Β
939 4479 982 4488 -
1004 4441 1153 4523 διάδοχον
1177 4440 1202 4502 Β
1225 4477 1259 4486 -
1284 4442 1369 4523 σφίσι
1393 4460 1457 4504 om.

233 4549 257 4614 C
272 4588 316 4596 —
330 4551 518 4633 κεντάριπάς
541 4549 566 4612 Β
581 4587 626 4596 --
640 4550 840 4630 ἀλικυαγίαυς
863 4546 899 4625 C,
926 4549 1095 4617 ἀλκυαίους
1119 4547 1143 4610 Β
1158 4583 1202 4592 -
1218 4547 1396 4630 διαφησωσι
1420 4547 1456 4621 C,
