3244 5060
734 345 777 410 53

142 519 227 583 bitur
257 522 344 602 ἔχων
369 519 474 604 ἦλθεν,
503 522 561 587 sed
590 523 798 606 Thucydides
826 521 893 589 fere
922 543 1051 606 semper
1078 527 1161 591 haec
1189 527 1290 590 verba
1321 528 1368 592 ita

142 626 307 691 collocem
339 629 443 706 ponit,
478 634 515 692 ut
546 631 751 710 participium
784 632 868 712 ἔχων
899 638 932 695 et
964 630 1130 696 obiectum
1162 633 1232 697 eius
1264 633 1366 698 verbo

141 733 237 815 ἦλθεν
260 735 453 814 interposito
477 744 680 816 separentur,
706 755 737 800 r.
765 737 795 812 8,
824 738 857 810 1;
885 737 937 809 27,
963 739 999 812 4;
1031 739 1054 814 l,
1080 739 1112 816 9,
1139 738 1174 812 2;
1204 739 1243 815 V,
1270 739 1300 815 7,
1325 738 1364 814 5;

142 840 191 912 Vl,
219 839 274 915 37,
301 839 337 915 2;
370 841 422 916 lV,
450 841 502 916 70,
531 843 547 905 1
582 841 682 928 (hunc
715 843 824 908 locum
857 844 891 907 in
919 846 1118 909 contrariam
1147 852 1273 926 partem
1296 864 1364 926 per·

140 965 251 1026 peram
280 948 379 1010 traxit
406 946 550 1012 Stahlius
579 951 620 1014 ad
649 951 673 1026 l,
699 951 730 1026 9,
757 948 806 1035 2);
838 949 880 1014 cf.
906 951 957 1029 ΙΙΙ,
984 950 1043 1015 51:
1073 953 1121 1023 ὡς
1147 953 1241 1017 οὐδὲν
1267 952 1367 1035 ἧλδον

139 1055 322 1135 πράξοντες.
345 1091 390 1099 -
415 1054 464 1119 lle
493 1056 601 1120 verbis
628 1056 692 1120 ὑπὸ
718 1057 815 1120 νύκτα
845 1054 879 1143 (ξ
903 1056 947 1143 3),
979 1075 1064 1138 quae
1094 1060 1129 1123 in
1158 1059 1262 1123 Vatic.
1293 1059 1366 1123 solo

140 1166 263 1237 extant,
299 1160 385 1224 idem
419 1159 486 1225 fere
518 1162 605 1226 valet
638 1164 726 1244 quod
759 1181 859 1243 supra
889 1161 942 1249 (ad
971 1163 1024 1240 32,
1053 1163 1083 1251 1)
1108 1166 1149 1231 de
1173 1166 1247 1229 adv.
1274 1163 1368 1237 οὗδις

140 1267 216 1330 dixi.
243 1303 289 1312 -
312 1265 335 1351 ξ
362 1267 383 1330 4
411 1285 470 1347 pro
497 1268 579 1350 πρὸς
605 1269 701 1332 οδτδν
728 1271 761 1333 in
787 1271 881 1334 haur.
915 1268 960 1356 (et
988 1271 1093 1336 Vatic.
1126 1268 1185 1357 γρ.)
1214 1277 1367 1352 corrupte

139 1375 210 1455 παρ’
241 1347 361 1436 αὐτῶν
376 1375 537 1450 scribitur,
568 1376 656 1440 unde
685 1377 846 1457 scriptura
875 1377 979 1441 Vatic.
1006 1378 1251 1461 ἀνοζητήοαντες
1280 1378 1366 1460 παρὰ

138 1486 202 1543 τῶν
224 1480 288 1543 κτλ.
313 1481 469 1561 originem
493 1483 624 1548 duxisse
648 1484 785 1547 videtur.
1259 1502 1262 1508 ·

232 1585 281 1651 34
306 1588 341 1650 in
365 1587 469 1651 Vatic.
495 1595 546 1653 est
568 1590 615 1660 ὡς
637 1588 729 1662 εἶδον,
758 1591 793 1654 iu
821 1592 916 1654 Laur.
942 1591 1050 1672 ὥσπερ
1073 1590 1198 1664 ἰδόντες,
1227 1609 1367 1672 quarum

140 1695 377 1774 scripturarum
401 1695 557 1775 originem
581 1696 689 1778 ὥσπερ
712 1695 796 1778 εἶχον
819 1698 935 1768 ἰδόντες
958 1695 1058 1760 tuisse
1083 1714 1168 1777 quae
1195 1697 1231 1761 in
1258 1699 1366 1780 ὥσπερ

139 1800 223 1864 εἶδον
251 1801 370 1871 ἰδόντες
396 1809 549 1882 corrupta
577 1804 617 1866 sit
646 1804 831 1882 suspicatur
860 1802 1015 1868 Stahlius.
1071 1802 1137 1869 Sed
1165 1804 1366 1869 locutionem

141 1908 249 1990 ὥσπερ
272 1906 357 1989 εἶχον
380 1909 465 1971 sicut
487 1909 561 1971 adv.
582 1908 680 1979 εὐδὺς
700 1906 754 1994 (ct.
779 1910 896 1992 Krueg.
918 1929 1053 1992 gramm.
1071 1909 1162 1995 §bd
1182 1911 1224 1974 10
1238 1912 1313 1975 adn.
1331 1907 1364 1995 3)

141 2013 312 2093 participio
340 2021 498 2094 sequente
526 2017 666 2095 positam
694 2035 858 2098 nusquam
886 2037 939 2082 me
972 2018 1079 2098 legere
1109 2017 1243 2082 memini
1275 2014 1365 2101 (nam

140 2119 307 2183 dissimilis
330 2127 381 2184 est
403 2121 496 2185 locus
520 2122 603 2186 Xen.
630 2122 735 2186 Anah.
762 2123 814 2199 lV,
840 2126 868 2201 l,
893 2124 944 2201 19,
970 2124 1065 2187 cuius
1089 2122 1212 2187 similes
1236 2122 1365 2202 plurimi

141 2224 244 2313 sunt);
272 2243 372 2306 quam
395 2228 437 2292 ob
456 2247 526 2293 rem
545 2229 769 2311 Thucydidem
789 2229 914 2312 ὥσπερ
934 2229 1035 2292 εἶδον
1050 2229 1220 2309 scripsisse
1234 2234 1266 2292 et
1281 2229 1364 2292 haee

140 2333 240 2396 verba
271 2334 307 2396 in
340 2334 434 2398 haur.
470 2335 666 2415 glossemate
697 2336 814 2406 ἰδόντες
840 2341 972 2415 recepto
1001 2341 1164 2416 corrupta,
1193 2336 1228 2398 in
1257 2335 1362 2399 Vatic.

141 2440 248 2522 ὥσπερ
271 2441 306 2503 in
330 2441 376 2512 ὡς
399 2446 583 2506 correctum
608 2459 681 2506 esse
708 2442 817 2522 potius
846 2441 1054 2515 crediderim;
1085 2439 1125 2506 cf.
1152 2460 1181 2505 ο.
1208 2441 1261 2518 23,
1288 2441 1309 2506 3
1332 2447 1365 2507 et

141 2547 180 2608 ad
206 2545 272 2622 Vll,
299 2547 351 2623 81,
378 2547 409 2610 2.
439 2545 596 2632 Ιῦοτῐτίυε
620 2549 729 2630 ὥσπερ
751 2547 835 2630 εἶχον
858 2549 1014 2628 scriptum
1034 2546 1133 2613 fuisse
1153 2547 1361 2633 suspicatur]

142 2691 182 2698 -
206 2651 293 2716 Infra
323 2654 518 2727 ἐπεδίωκον,
547 2655 634 2735 quod
669 2655 765 2718 codd.
796 2661 925 2735 praeter
949 2655 1053 2719 Vatis.
1091 2655 1160 2738 (dd.)
1194 2653 1361 2734 praebent,

140 2760 213 2823 ideo
236 2761 419 2840 repudiavit
443 2759 596 2836 Stahlius
624 2761 712 2841 quod
736 2762 921 2826 ἐπιδιώκειν
933 2757 1115 2846 fugientes
1142 2761 1195 2824 vel
1213 2755 1363 2844 sagatos

142 2863 276 2949 insequi
297 2874 399 2939 esset;
435 2868 492 2932 sed
516 2868 580 2930 vid.
607 2867 658 2940 ΙΙΙ,
685 2867 738 2944 33,
764 2867 800 2942 3;
838 2870 911 2944 111,
938 2868 975 2945 3;
1008 2869 1091 2932 Xen.
1118 2867 1223 2930 Anah.
1250 2867 1303 2942 lV,
1332 2868 1360 2942 1,

142 2972 191 3048 16,
218 2991 326 3053 neque
350 2974 439 3054 quod
463 2974 640 3039 discrimen
664 2973 911 3056 significationis
936 2993 1010 3040 esse
1034 2974 1155 3048 statuit,
1187 2975 1363 3054 quicquam
1475 2999 1479 3010 ¹

141 3080 208 3142 veri
231 3079 353 3145 habere
376 3081 514 3144 videtur.
562 3081 599 3144 ln
623 3081 727 3145 Vatic.
754 3083 912 3146 omittitur
933 3083 1139 3164 καλούμενον,
1168 3098 1233 3159 quo
1261 3080 1363 3144 verbo

140 3192 270 3266 propter
293 3185 546 3250 collocationem
569 3188 743 3252 verborum
765 3189 858 3252 inviti
881 3207 1042 3254 caremus.

229 3292 333 3366 35,2
367 3293 458 3356 artic.
493 3300 530 3376 τῇ
564 3293 722 3377 (Μιλήτῳ)
756 3295 876 3370 Vatia,
907 3293 929 3380 ξ
958 3295 979 3359 3
1008 3296 1100 3359 artic.
1126 3301 1172 3376 τῷ
1197 3292 1361 3376 (Τριοπίῳ)

141 3398 234 3462 haur.
262 3400 451 3464 omiserunt.
478 3437 519 3446 —-
543 3398 566 3484 §
589 3401 610 3463 4
634 3401 739 3463 Vatic.
770 3402 862 3465 solus
890 3402 1079 3472 ἀπελθόντες
1100 3406 1191 3466 recte
1219 3399 1359 3464 exhibet.

229 3505 288 3580 36,
313 3506 333 3568 2
361 3507 396 3568 in
423 3506 528 3570 Vatic.
560 3513 610 3570 est
637 3509 678 3570 ἔτι
710 3505 823 3591 Θηριμ.
851 3507 1015 3590 παρόντος,
1043 3509 1078 3570 in
1106 3513 1181 3572 cett.
1208 3506 1257 3570 ἐπὶ
1284 3503 1383 3588 Θηρ.“

139 3633 184 3688 π.;
220 3611 276 3676 illa
308 3613 469 3692 scriptura
492 3612 566 3677 loco
591 3632 619 3677 ο.
646 3614 699 3689 38,
728 3615 756 3690 1,
790 3615 847 3678 uhi
871 3615 912 3678 de
935 3613 1136 3694 proiectione
1159 3613 1363 3678 Therimenis

140 3723 298 3794 narratur,
334 3719 558 3784 commendari
592 3721 727 3795 videtur,
763 3720 821 3784 sed
854 3719 992 3786 fortasse
1024 3740 1105 3784 usus
1133 3720 1231 3800 paulo
1259 3721 1363 3784 rarior

139 3825 389 3904 praepositionis
416 3827 466 3890 ἐπὶ
493 3827 663 3907 participio
692 3827 802 3891 addito
833 3828 959 3908 positae
985 3825 1026 3914 (y.
1053 3827 1177 3891 Matthi.
1202 3844 1359 3911 gramm.3

139 3928 263 4014 §soh
297 3929 327 4018 1)
357 3951 459 3996 causa
486 3934 669 4014 corrigendi
697 3931 765 3997 fuit.
821 3933 1038 3999 Collocationi
1066 3933 1218 4000 insolitae
1246 3933 1359 4013 partic.

140 4039 179 4100 ἔτι
202 4039 290 4102 haud
313 4039 360 4101 ita
382 4039 519 4102 multum
543 4040 662 4104 tribuo.

228 4143 288 4218 38,
315 4144 330 4207 1
357 4147 469 4224 partic.
497 4145 531 4208 δὲ
555 4146 627 4210 Vat.
654 4147 781 4222 omittit,
808 4165 873 4228 qua
896 4163 931 4211 re
956 4148 1139 4228 asyndeton
1163 4164 1230 4209 non
1258 4143 1360 4209 feren-

140 4251 215 4332 dum
248 4251 365 4327 oritur;
405 4258 521 4316 contra
553 4249 692 4317 fortasse
725 4241 842 4318 melius
873 4254 907 4316 in
942 4254 1037 4317 haur.
1072 4259 1147 4334 post
1183 4249 1361 4332 thyptps'vqc

140 4359 250 4435 partic.
276 4358 336 4441 μὲν
359 4357 461 4436 abest,
488 4376 563 4422 cum
587 4359 689 4424 verba
711 4361 897 4440 praeposita
919 4359 996 4440 μετὰ
1021 4359 1055 4422 δὲ
1078 4358 1139 4421 κτλ.
1168 4357 1210 4420 ad
1238 4363 1359 4418 utrum-

140 4483 201 4544 que
225 4465 409 4530 membrum
432 4483 499 4528 non
523 4483 629 4545 aeque
652 4466 846 4545 pertineant.
863 4463 943 4550 -§
967 4465 987 4528 2
1012 4465 1115 4530 Vatic.
1141 4462 1257 4527 melius
1281 4485 1360 4544 κρα-

139 4578 258 4644 τοῦντες
280 4571 343 4635 καὶ
366 4577 422 4654 γῆς
446 4587 544 4650 quam
568 4571 663 4635 Laur.
695 4595 781 4654 κρατ.
809 4578 871 4653 τῆς
898 4577 954 4653 γῆς
985 4571 1134 4650 praebet3
1170 4569 1228 4632 sed
1261 4569 1360 4648 paulo
