3244 5060
723 333 765 398 57

136 512 241 576 verbis
265 512 348 595 πλὴν
364 518 428 576 τῶν
441 513 654 594 Συρακοσίων
677 531 745 576 non
769 513 946 578 convenire
962 514 1145 589 contendit,
1171 515 1255 580 haec
1275 533 1360 596 quae

135 619 260 683 videtur
290 637 362 684 esse
390 620 605 700 repugnantia
632 618 740 682 verbis
768 619 848 701 ὑπὲρ
876 625 931 684 τοῦ
956 621 1136 702 ξύμπαντος
1158 623 1360 704 ξυμμαχικοῦ

134 725 250 789 additis
285 745 418 806 prorsus
451 726 654 800 dissolutum
689 732 835 790 ceterum
864 745 957 808 pron.
984 727 1105 792 τούτων
1128 746 1202 792 cum
1227 729 1360 793 nomine

131 831 349 917 Ἑρμοκράτης
374 830 425 918 (εί.
444 833 559 912 Krueg.
576 852 622 913 gr.
641 831 663 918 ξ
682 833 736 908 47,
759 832 779 895 9
802 833 915 897 adnot.
936 831 979 919 1),
1006 852 1073 898 non
1097 853 1173 899 cum
1197 835 1359 900 adiectivo

131 941 230 1019 μόνος
254 940 410 1021 coniungi
432 940 618 1016 collocatio,
645 941 772 1020 opinor,
802 940 903 1005 iubet.
952 941 988 1004 ln
1016 941 1118 1005 Vatie.
1144 940 1261 1012 παντὸς
1284 943 1359 1006 scri·

133 1046 231 1120 bitur;
268 1047 327 1112 sed
355 1047 454 1111 talem
483 1047 729 1111 similitudinem
755 1047 932 1110 verborum
955 1048 1047 1111 iuxta
1071 1048 1252 1128 positorum
1276 1049 1359 1113 Thu-

133 1154 268 1235 cydides
300 1153 453 1218 vitavisse
486 1172 554 1218 non
586 1153 725 1229 videtur,
761 1151 802 1218 cf.
837 1153 913 1218 adn.
949 1155 990 1218 ad
1027 1153 1077 1229 16,
1114 1155 1134 1218 2
1167 1163 1199 1220 et
1234 1156 1285 1230 16,
1323 1156 1357 1218 1:

131 1261 259 1343 Σαμίαν
282 1261 366 1343 μίαν,
400 1266 431 1325 et
460 1261 523 1324 adi.
554 1261 681 1343 ξύμπας
708 1261 762 1324 bic
790 1262 997 1341 aptissimum
1020 1267 1080 1324 est.
1108 1299 1151 1308 —
1174 1260 1197 1347 ξ
1221 1263 1242 1325 4
1266 1264 1357 1326 artic.

130 1374 192 1449 τῆς,
217 1385 318 1448 quem
342 1373 418 1430 ante
441 1368 570 1432 ἐκείνων
593 1385 658 1430 om.
683 1367 792 1438 Laur..
818 1367 936 1432 abesse
960 1369 1013 1431 vix
1037 1374 1145 1448 potest
1170 1366 1223 1454 (cf.
1249 1375 1361 1433 tamen

132 1476 174 1537 ad
198 1475 267 1551 Vll,
295 1474 326 1550 8,
352 1471 402 1560 2);
437 1475 524 1540 idem
548 1475 588 1539 de
611 1474 800 1538 horninibus
823 1477 887 1540 hoc
910 1475 982 1555 ipso
1006 1482 1153 1556 tempore
1177 1476 1360 1556 periclitan-

132 1581 229 1657 tibus,
264 1599 332 1644 non
360 1587 476 1661 postea
499 1581 632 1646 demum
655 1581 884 1661 periclitaturis
908 1582 1025 1646 melius
1048 1583 1239 1647 κινδυνεύειν
1262 1601 1361 1664 ουτοι

133 1688 238 1752 Vatic.
265 1688 462 1752 κινδυνεῦσαι
492 1689 631 1753 exhibet.
660 1725 701 1734 —
725 1686 748 1773 ξ
772 1686 792 1753 5
820 1695 895 1769 post
917 1689 1071 1771 πρότερον
1095 1690 1199 1754 Vatie.
1227 1691 1318 1754 solus
1342 1693 1361 1772 ἢ

133 1795 290 1868 servavit;
317 1794 403 1858 idem
423 1795 476 1858 καὶ
495 1801 551 1858 νῦν
569 1795 632 1858 καὶ
650 1801 783 1859 τοσαῦτα
802 1795 943 1872 exhibet,
971 1797 1058 1877 quod
1079 1815 1155 1861 cum
1174 1797 1228 1860 καὶ
1247 1803 1361 1877 postea

134 1909 293 1982 sequatur
315 1901 423 1964 minus
446 1902 565 1981 placet.

222 2008 283 2086 46,
314 2009 330 2072 1
362 2026 421 2071 cur
449 2009 623 2073 collocatio
648 2009 752 2073 Vatic.
779 2009 921 2073 διαλῦσαι
948 2009 1002 2073 τὸν
1029 2010 1169 2093 πόλεμον
1194 2009 1281 2094 (cett.
1307 2009 1362 2073 τὸν

130 2116 199 2177 adl.
229 2111 320 2200 διαί.)
349 2113 550 2194 praeferatur
577 2116 657 2180 nihil
686 2117 793 2180 video.
842 2117 932 2180 Idem
960 2117 1051 2181 solus
1081 2117 1160 2182 satis
1188 2125 1263 2197 apte
1287 2123 1361 2195 post

133 2223 243 2294 ἐξεῖναι
272 2221 345 2284 adv.
371 2222 418 2286 ἀεὶ
441 2222 582 2297 exhibet,
616 2241 805 2303 quanquam
829 2223 945 2288 abesse
969 2229 1091 2303 potest;
1127 2221 1167 2287 ci.
1194 2225 1236 2288 ad
1259 2223 1313 2299 48,
1339 2224 1360 2286 4

133 2335 212 2392 extr.
262 2327 470 2410 Thucydides
502 2330 572 2408 ipse
605 2329 713 2409 potius
746 2329 795 2392 ἐπὶ
821 2329 893 2400 τοὺς
919 2330 967 2392 ἀεὶ
994 2330 1057 2393 κτλ.
1087 2330 1280 2409 scripsisset,
1317 2328 1357 2394 cf.

135 2435 186 2510 VI,
217 2434 269 2499 18.
297 2433 332 2506 2;
359 2434 426 2511 VII,
451 2433 504 2513 57,
526 2436 557 2499 9.
576 2434 654 2521 -ξ
678 2436 698 2499 2
721 2437 756 2500 in
779 2436 884 2500 Vatie.
911 2443 961 2500 est
984 2437 1278 2519 ξυγκαθαιρήοειν,
1303 2437 1359 2502 sed

133 2543 167 2605 in
195 2542 346 2606 oratione
375 2542 509 2623 obliqua
536 2541 729 2607 infinitivum
757 2545 791 2606 io
814 2544 984 2608 enuntiato
1008 2543 1144 2608 relativo
1169 2546 1256 2625 quod
1282 2563 1359 2608 oon-

134 2649 242 2713 silium
266 2649 390 2714 indicet
413 2651 490 2729 poni
513 2651 568 2714 vix
592 2651 669 2714 licet
694 2647 746 2734 (cs.
772 2651 878 2714 Madv.
905 2657 990 2733 synt.
1017 2649 1039 2736 ξ
1066 2651 1139 2727 169,
1165 2649 1209 2738 a).
1231 2650 1315 2737 -ξ
1339 2651 1359 2715 3

133 2757 166 2818 in
191 2757 286 2820 Laut.
313 2763 364 2820 est
386 2757 648 2840 ἐπιτηδειοτέρους
672 2757 724 2830 δὲ,
753 2758 841 2838 quod
865 2759 1046 2837 scripturae
1071 2759 1175 2822 Vatic.
1202 2759 1225 2821 ἕ.
1247 2782 1283 2820 τε
1306 2759 1359 2821 vix

133 2863 396 2944 postponendum
421 2869 480 2939 est,
507 2881 583 2928 oum
607 2865 782 2944 disputatio
797 2864 976 2929 Alcibiadis
996 2865 1059 2930 hoo
1079 2865 1227 2928 membro
1247 2865 1358 2928 addito

135 2970 352 3045 continuetur,
378 2987 447 3034 non
469 2969 599 3034 finiatur
624 2968 657 3055 (ξ
670 2970 715 3056 4).
755 2970 848 3035 lofin.
875 2971 959 3044 εῖναι,
983 2989 1081 3051 quem
1106 2971 1223 3034 omittit
1237 2972 1355 3046 Velio,

135 3093 246 3139 carere
271 3093 338 3140 non
362 3094 549 3156 possumus.
572 3113 613 3122 --
634 3078 670 3140 ln
690 3078 794 3142 Vatic.
821 3080 924 3160 σφίσιν
947 3078 1051 3147 αὐτοῖς
1074 3085 1155 3157 part.
1181 3101 1213 3142 τε
1236 3079 1359 3142 omissa

134 3182 218 3246 male
243 3181 409 3255 scribitur3
435 3183 522 3247 idem
545 3185 663 3254 ἐκεῖνος
686 3184 828 3260 exhibet,
856 3184 944 3265 quod
963 3202 1004 3247 ex
1023 3184 1151 3254 ἐκείνοις
1170 3190 1359 3266 corruptum

134 3306 205 3353 esse
229 3289 367 3366 videtur,
394 3307 505 3353 veram
530 3291 723 3370 scripturam
748 3292 858 3372 ἐκείνῳ
882 3308 1000 3353 manus
1023 3309 1071 3369 pr.
1094 3291 1189 3354 taur.
1211 3291 1355 3371 praebet.

134 3395 285 3460 Ceterum
318 3395 454 3461 verbum
488 3398 785 3478 ξυγκαταόουλοῦν,
818 3416 894 3461 curn
927 3415 989 3460 nec
1017 3398 1293 3478 praepositionem
1317 3398 1358 3461 ad

134 3503 243 3586 ἐκείνῳ
267 3503 375 3566 solum
389 3502 501 3568 reterri
515 3504 611 3568 liceat
627 3504 810 3589 (Abresch.)
830 3523 892 3568 nee
906 3503 1125 3569 Athenienses
1145 3521 1223 3570 cum
1237 3502 1359 3567 Persis

135 3606 309 3675 coniuncti
330 3610 392 3673 sibi
415 3611 477 3690 ipsi
500 3611 665 3691 regionem
686 3611 881 3675 maritimam
900 3611 1069 3675 subacturi
1088 3619 1199 3675 essent
1214 3609 1356 3697 (stalli,

134 3711 237 3780 simui
260 3711 422 3798 subripere
444 3717 558 3781 valere
579 3716 714 3781 videtur.
759 3715 848 3802 [Post
871 3718 1015 3800 ἐφίεσθαι
1037 3717 1150 3798 partic.
1177 3717 1240 3780 καί
1262 3718 1358 3783 inter-

135 3821 252 3887 cidisse
279 3823 358 3886 satis
385 3823 597 3902 probabiliter
625 3825 810 3904 suspicatur
833 3823 1003 3909 desimus]
1053 3825 1089 3888 ln
1118 3824 1193 3888 loco
1218 3823 1356 3888 difficili:

134 3931 171 4010 ἢν
202 3931 247 4012 μή
280 3953 355 3994 ποτε
386 3930 499 4001 αὐτοὺς
529 3930 575 4013 μὴ
608 3931 735 4004 ἐξέλωσι
767 3933 829 3995 κτλ.
889 3932 1086 4012 Madvigium
1121 3929 1206 4016 (adv.
1244 3931 1313 3995 crit.
1346 3931 1358 3994 Ι

135 4055 165 4114 p.
191 4033 268 4121 334)
298 4037 437 4102 alterum
463 4037 508 4120 μὴ
539 4037 703 4101 delentem
731 4055 862 4118 sequor,
893 4038 951 4102 sed
980 4057 1114 4118 prorsus
1142 4038 1235 4102 aliter
1261 4038 1357 4102 inter-

134 4149 258 4221 pretor:
298 4160 361 4208 nec
399 4140 474 4208 ceri
509 4139 621 4208 simile
654 4161 728 4208 esse
759 4139 1069 4223 Lacedaemonios,
1109 4139 1174 4208 hoc
1207 4146 1359 4226 tempore

140 4244 293 4314 Graecos
326 4267 349 4314 α
382 4246 621 4315 dominatione
657 4247 876 4316 Graecorum
913 4247 1067 4315 liberare
1099 4252 1273 4328 conantes
1313 4246 1357 4314 ob

137 4350 200 4420 iliis
223 4374 291 4436 eoa,
317 4353 387 4421 nisi
409 4353 550 4441 quando
574 4375 631 4421 eos
653 4355 957 4443 (Lacedaemonios)
978 4355 1180 4422 euertissent
1198 4354 1354 4442 (Persae),

137 4481 204 4526 ooo
240 4442 451 4531 liberaturos
489 4481 571 4528 esse.
607 4501 650 4512 -
682 4463 706 4550 ξ
737 4463 758 4528 5
791 4461 928 4528 fortasse
962 4463 1152 4543 exquisitior
1183 4462 1357 4526 collocatio

137 4568 239 4636 Vatic.
274 4573 410 4655 φάσκων
442 4576 519 4642 νοῦς
552 4567 640 4655 (cett.
670 4577 747 4642 ναῦς
774 4567 922 4656 φάσκων)
956 4575 1021 4643 est3
1056 4570 1089 4632 in
1122 4569 1239 4634 eodem
1272 4570 1358 4634 male
