3244 5060
139 495 247 568 laur,
274 491 315 556 of.
337 493 418 568 VIII,
441 493 493 567 91,
515 492 546 555 2.
587 493 650 556 Pro
674 493 708 566 ἐξ
733 491 840 576 (αὐτῆς
860 491 1035 575 Κορίνθου)
1062 492 1166 556 Vatia
1193 492 1243 554 ἀπ’
1268 509 1358 572 prae-

139 599 204 674 het,
240 600 297 663 sed
330 597 371 662 of.
404 598 457 674 50,
492 600 525 672 1;
563 599 642 672 Vlll,
673 597 726 675 53,
755 600 770 661 1
804 594 945 684 (steht).
971 636 1010 644 —
1037 596 1231 682 §ovatio
1257 599 1360 668 αὐτοῖς

139 700 224 770 οὗτοι
258 705 301 789 (ot
333 705 474 788 ὁπλῖται),
510 706 711 786 reliquorum
748 705 879 785 plurimi
915 711 946 770 et
980 706 1092 785 optimi
1124 701 1209 768 οὗτοι
1240 704 1356 780 solum,

139 813 236 892 pauci
269 813 448 876 deteriores
480 813 584 882 adroic
617 812 723 875 solum
756 811 927 892 praebent;
963 813 1020 876 sed
1053 829 1235 891 pronomen
1267 808 1359 882 οὗτοι,

140 938 215 983 oum
234 919 354 983 milites
372 919 480 1000 gravis
501 923 686 982 armaturae
704 918 818 998 paucis
837 917 986 982 versibus
1000 935 1099 998 supra
1113 918 1360 981 commemorati

140 1029 213 1102 sint,
249 1027 346 1106 plane
376 1043 657 1106 supervacaneum
688 1028 747 1100 est,
766 1023 817 1087 'ut
849 1025 1010 1104 seriptura
1037 1025 1234 1090 deteriorum
1263 1023 1358 1088 oodd.

139 1133 327 1213 recipienda
346 1150 419 1196 esse
438 1133 596 1196 videatur.
636 1129 722 1196 Infra
735 1130 840 1194 Vatia.
860 1138 949 1196 recte
968 1131 1002 1194 ιὸ
1020 1137 1147 1214 πρῶτον
1167 1126 1228 1212 (ab
1248 1126 1360 1212 initio)

140 1239 281 1314 exhibet,
317 1256 401 1318 quae
431 1237 590 1317 scriptura
617 1239 651 1300 in
680 1238 755 1301 looo
783 1237 947 1301 simIIIImo
971 1237 994 1314 l,
1020 1237 1073 1313 59,
1100 1236 1120 1300 2
1145 1255 1163 1300 e
1187 1237 1281 1300 Laur.
1312 1255 1360 1302 re-

141 1345 306 1410 stituenda
329 1353 388 1409 est.

231 1452 290 1530 20,
327 1453 341 1514 1
377 1456 452 1515 ante
485 1451 646 1520 Δεκελείας
679 1451 773 1514 Laur.
809 1450 981 1514 articulum
1015 1450 1142 1526 omittiI,
1178 1449 1234 1530 qui
1265 1451 1359 1513 etiam

143 1559 194 1636 19,
221 1560 236 1622 1
265 1558 440 1641 (Δεκέλειαν
463 1557 618 1640 ἐτείχιζον)
644 1575 711 1620 non
734 1557 859 1636 positus
884 1562 942 1621 est.
983 1557 1019 1620 ln
1034 1574 1131 1620 versu
1146 1557 1201 1636 qui
1216 1556 1363 1636 sequitur

143 1666 246 1730 Vatie.
273 1663 411 1728 sortasse
440 1671 529 1727 recte
558 1665 671 1743 partio.
696 1687 736 1736 τε,
764 1665 818 1728 eui
844 1665 879 1726 in
901 1661 923 1748 ξ
946 1663 966 1726 2
990 1663 1131 1742 primum
1154 1663 1207 1726 καί
1229 1680 1361 1741 respon·

145 1772 219 1835 dere
242 1777 360 1852 potest,
386 1770 530 1850 praebet.
552 1767 636 1854 -ξ
659 1769 678 1832 2
703 1777 783 1834 extr.
809 1771 843 1834 in
862 1771 967 1834 Vatio.
994 1770 1101 1832 minus
1125 1768 1209 1858 bene
1233 1772 1362 1852 ξυστρα-

145 1879 324 1941 τεύσασθαι
343 1879 503 1952 scribitur,
525 1877 559 1938 in
579 1877 673 1940 haur.
695 1877 983 1959 evaporationum
1010 1876 1125 1940 eadem
1144 1875 1363 1954 discrepantia

145 1985 239 2048 oodd.
263 1984 293 2060 8,
316 1984 352 2056 23
381 1983 432 2060 15,
458 1985 473 2046 1
500 1990 559 2047 est.
585 2019 629 2030 —-
653 1983 688 2048 ln
711 1981 734 2068 ἓ
757 1983 776 2048 3
800 1989 937 2064 uterque
960 1982 1197 2064 προσπλεύσας
1220 1980 1359 2056 exhibet,

146 2091 233 2170 quod
257 2090 480 2170 recipiendum
504 2095 563 2154 est.
975 2097 979 2106 '

234 2197 293 2274 21,
318 2196 338 2260 3
361 2197 395 2258 in
409 2197 513 2260 Vatie.
536 2203 587 2260 est
606 2194 922 2288 ξυναναπείῦειίηοη
944 2195 1164 2269 ξυνανεπείϋει,
1188 2199 1223 2258 ut
1240 2193 1363 2258 indicat

146 2300 275 2388 Stobi),
315 2303 349 2364 in
382 2303 475 2366 Laur.
512 2302 746 2377 ξυνανέπειιίεν,·
782 2301 838 2366 illa
875 2303 1044 2383 scriptura,
1085 2320 1158 2366 eum
1192 2302 1255 2364 hoo
1288 2300 1362 2363 loeo

144 2428 300 2489 praesens
330 2409 520 2472 historicum
549 2408 645 2470 nimis
673 2407 853 2471 solitarium
878 2409 928 2483 sit,
960 2427 999 2472 ex
1027 2410 1090 2472 hae
1114 2413 1267 2488 corrupta
1291 2425 1363 2472 esse

143 2517 281 2591 videtur,
308 2516 370 2578 nisi
394 2513 476 2578 forte
501 2514 661 2578 correctio
686 2511 772 2577 saeta
795 2519 854 2590 est,
882 2511 922 2578 of.
948 2515 1029 2591 VIII,
1052 2516 1104 2592 97,
1127 2512 1242 2578 3.1-
1262 2514 1362 2576 Parti-

145 2622 253 2685 oulam
286 2622 351 2684 ἀλλ’
387 2622 504 2704 omittit
527 2621 644 2696 Vatia,
681 2621 738 2684 sed
771 2621 890 2684 lacuna
918 2628 1071 2701 quattuor
1094 2619 1160 2684 fere
1184 2621 1363 2684 litterarum

144 2737 202 2805 est,
229 2728 286 2792 ubi
309 2746 349 2790 ea
372 2729 492 2807 scripta
516 2725 615 2791 fuisse
639 2727 775 2804 videtur,
802 2745 863 2790 neo
888 2729 966 2790 satis
986 2746 1106 2792 oausae
1127 2735 1186 2804 est,
1214 2746 1272 2790 our
1290 2744 1361 2789 eam

144 2836 329 2900 reioiamus.
378 2834 478 2897 Artio.
513 2841 576 2897 ιῶν
609 2853 673 2896 om.
709 2834 814 2898 Vatie.
846 2871 888 2878 —
919 2834 1033 2899 Paullo
1066 2831 1150 2896 infra
1182 2849 1363 2914 pronomen

144 2942 255 3012 αὐτοῖς,
289 2941 377 3020 quod
410 2941 562 3020 expungit
597 2938 751 3016 Stahlius3
786 2941 831 3003 ita
863 2941 993 3028 retineri
1026 2957 1124 3020 posse
1156 2941 1293 3015 videtur,
1315 2945 1364 3001 vut

144 3047 244 3111 verba
270 3046 352 3128 πρὸς
378 3047 496 3128 ἄνδρας
522 3045 698 3129 τολμηροὺς
721 3047 762 3110 ad
785 3047 1029 3128 ἀντιταλμῶνιας
1051 3043 1241 3122 referantur,
1275 3045 1363 3125 quod

145 3153 389 3217 commendavit
412 3153 542 3232 Krueg,
577 3152 629 3216 vel
662 3153 769 3232 potius
801 3154 834 3215 ln
867 3154 1055 3216 universum
1083 3152 1268 3232 praeposita
1290 3169 1363 3216 esse

145 3266 299 3338 putentur
333 3255 376 3344 (si
407 3277 485 3324 cum
518 3254 716 3322 bominibus
749 3254 941 3324 audacibus
974 3275 1030 3322 res
1063 3261 1151 3322 esset
1177 3255 1265 3342 ete).
1314 3254 1360 3320 Cf.

146 3365 211 3430 Cio.
244 3366 285 3430 de
314 3365 366 3429 off.
393 3367 415 3442 l,
442 3367 500 3429 99;
538 3365 744 3430 «adhibenda
772 3371 822 3430 est
845 3402 887 3412 ——
910 3365 1093 3428 reverentia
1123 3365 1279 3429 adversus
1307 3363 1362 3427 ho·

145 3473 249 3536 mines
283 3477 316 3536 et
348 3474 460 3552 optimi
494 3473 653 3554 cuiusque
681 3478 714 3536 et
739 3473 970 3552 reliquorum.»
1021 3470 1171 3536 Ceterum
1199 3472 1233 3534 in
1256 3470 1360 3533 Vallo.

145 3579 362 3659 dittographIa
395 3580 551 3659 quadam,
588 3580 714 3658 opinor,
748 3581 791 3642 ἂν
823 3580 926 3648 αὐτοῖς
958 3579 1114 3658 seriptum
1147 3583 1206 3641 est.
1233 3613 1275 3621 -
1298 3573 1364 3660 §4

236 3843 293 3895 ι11]
320 3827 418 3896 tradita
441 3841 565 3896 codicum
590 3842 721 3910 scriptura
744 3850 797 3900 ταῖς
819 3841 894 3894 ναυσὶ
916 3841 952 3909 μὴ
976 3841 1087 3907 ἀθυμεῖν
1109 3839 1281 3908 ἐπιχειρήσειν
1298 3838 1364 3906 πρὸς

145 3931 204 3990 τοὺς
219 3931 371 3998 Ἀθηναίους
400 3931 471 3985 duae
499 3947 543 3984 res
572 3930 721 3998 offendunt,
749 3947 834 3984 unum
863 3931 935 4000 quod
957 3930 1068 3995 ἀθυμεῖν
1091 3945 1153 3982 cum
1169 3931 1265 3996 futur.
1289 3928 1363 3981 infin.

146 4021 322 4074 coniunctum
350 4026 399 4085 est,
428 4022 543 4074 alterum
572 4019 645 4088 quod
668 4019 739 4087 apud
763 4019 877 4074 verbum
895 4019 1032 4087 ἐπιχειρεῖν
1050 4033 1174 4086 praepos.
1193 4017 1258 4084 πρὸς
1276 4017 1366 4085 posita

147 4113 198 4172 est,
229 4124 298 4178 quas
322 4107 495 4186 difficultates
516 4107 637 4161 Stahlius
660 4107 698 4160 ita
717 4107 833 4175 sustulit,
856 4112 887 4162 ut
909 4107 1080 4175 ἐπιχειρήσειν
1099 4112 1239 4176 tamquam
1259 4122 1292 4159 ex
1310 4105 1364 4157 εἰιι-

146 4206 264 4264 χειρῆοαι
291 4199 336 4250 vel
362 4197 520 4264 ἐπιχείρησιν
548 4197 741 4266 Interpretandi
770 4213 855 4250 causa
882 4197 1017 4265 adscripto
1045 4199 1133 4249 ortum
1162 4195 1271 4248 deleret.
1310 4193 1365 4247 Sed

147 4284 270 4353 dIsplicet
297 4285 336 4340 sle
363 4287 471 4340 dativus
499 4293 553 4342 ταῖς
581 4284 665 4348 ναυσί,
693 4285 739 4354 qui
766 4284 910 4338 durissime
938 4301 1000 4338 oum
1027 4285 1070 4339 vb.
1095 4283 1206 4351 ἀθυμεῖν
1232 4283 1364 4351 iungatur.

147 4375 240 4443 ltaque
264 4389 299 4427 ex
321 4390 376 4428 uno
396 4373 541 4428 deterrimo
560 4373 628 4439 cod,
654 4373 682 4427 in
706 4391 787 4444 quem
806 4378 959 4428 correctura
977 4375 1094 4428 fortasse
1113 4373 1188 4428 illata
1207 4375 1257 4436 est,
1286 4370 1366 4440 scrip·

146 4467 235 4516 turam
254 4462 427 4531 ἐπιχειρῆσαι
446 4463 566 4531 recipere
584 4463 687 4532 malIm,
706 4469 736 4518 ut
753 4464 838 4517 verba
854 4461 920 4530 πρὸς
938 4461 998 4520 τοὺς
1009 4461 1162 4527 Ἀθηναίους
1177 4461 1225 4516 toti
1237 4460 1366 4515 locutioni

146 4551 258 4619 ἀθυμεῖν
276 4550 436 4620 ἐπιχειρῆσαι
456 4551 636 4620 applicentur3
656 4553 690 4606 de
708 4551 773 4620 πρὸς
792 4567 882 4620 praep.
902 4552 936 4605 cf.
957 4552 989 4620 II,
1008 4550 1050 4612 88,
1071 4549 1095 4601 3.

1137 4657 1153 4708 2
