3262 5052
604 1041 755 1138 PARS
789 1040 1149 1140 POSTERIOR.

351 1225 397 1303 De
425 1222 509 1303 locis
539 1221 742 1322 quibusdan
771 1220 937 1302 librorum
965 1222 1009 1302 ΙΙΙ
1038 1226 1073 1302 et
1101 1222 1144 1302 IV
1174 1220 1409 1320 discrepantia

436 1365 700 1464 corruptioneve
730 1363 885 1446 codicum
912 1362 1103 1462 insignibus
1133 1363 1323 1462 quaeritur.

787 1545 888 1606 Lmen
911 1543 961 1606 ΙΙΙ.

359 1686 389 1760 Ι,
415 1688 444 1751 1.
470 1686 573 1770 εἶργον
595 1687 630 1751 τὸ
653 1687 697 1770 μὴ
723 1723 767 1732 -
790 1685 995 1769 κακοοργεῖν]
1018 1685 1053 1748 in
1073 1687 1166 1748 Laur.
1193 1691 1268 1765 post
1286 1685 1389 1767 εἶργον
1412 1686 1490 1766 legi-

264 1793 408 1866 turbari,
433 1795 521 1874 quod
546 1813 611 1875 quo
636 1793 735 1858 modo
760 1800 948 1858 correctura
971 1793 1112 1872 irrepere
1136 1793 1286 1871 potuerit,
1317 1793 1372 1866 vix
1395 1793 1490 1858 intel-

264 1900 389 1980 legitur.
438 1900 590 1964 Fortasse
619 1900 775 1980 scriptum
803 1897 862 1964 fuit
890 1902 936 1964 δι’
962 1899 1051 1963 αὐτὸ
1074 1899 1119 1982 μὴ
1147 1900 1219 1971 κτλ,
1244 1898 1331 1980 quod
1356 1916 1432 1963 curn
1456 1900 1492 1962 in

265 2007 316 2072 aa
338 2007 373 2071 τὸ
398 2013 587 2087 corruptum
607 2013 693 2071 esset
715 2004 812 2092 (idem
831 2007 986 2071 mendum
1005 2006 1058 2082 IV,
1080 2003 1133 2081 55,
1155 2005 1176 2068 le
1195 2006 1229 2068 in
1251 2006 1343 2069 Laur.
1370 2023 1491 2069 manus

265 2134 312 2195 pr.
339 2113 503 2200 correxit),
531 2112 700 2179 dediscite
725 2115 830 2178 omitti
847 2119 984 2194 poterat.
1032 2112 1240 2194 Thucydides
1260 2111 1392 2192 quidem
1412 2131 1490 2176 nus-

265 2240 364 2302 quam
392 2221 469 2286 alibi
499 2219 619 2306 (iocum
650 2227 897 2286 controversum
928 2220 978 2295 Vl,
1007 2221 1034 2292 1,
1059 2219 1078 2282 2
1103 2216 1242 2304 excipio)
1268 2219 1355 2299 apud
1378 2220 1492 2301 εἴργειν

266 2334 299 2392 et
321 2329 422 2393 verba
445 2329 563 2392 similia
584 2328 619 2392 τὸ
642 2329 686 2411 μὴ
712 2347 787 2392 cum
810 2327 899 2391 infin.
926 2327 1036 2407 posuit
1055 2324 1133 2412 (VH,
1156 2324 1208 2402 53,
1230 2326 1251 2388 4
1271 2341 1384 2390 accus.
1412 2343 1490 2389 cum

265 2433 355 2498 infin.
381 2431 563 2520 habemus).

357 2541 389 2618 2,
415 2542 444 2604 1.
476 2542 725 2622 ἀναγκασθέντες
755 2542 865 2605 δὲκαὶ
891 2542 1004 2624 ταύτην
1030 2541 1085 2622 τὴν
1108 2539 1276 2602 ἀπόστασιν
1299 2537 1381 2622 κτλ]
1406 2539 1489 2604 mire

266 2649 297 2711 h.
325 2647 344 2710 l.
371 2647 484 2726 partic.
514 2647 577 2710 καὶ
604 2648 711 2728 posita
735 2653 794 2722 est,
821 2666 896 2710 cum
921 2647 1059 2712 deiectio
1084 2645 1275 2709 Lesbiorum
1298 2651 1377 2708 tuno
1402 2643 1490 2709 facta

264 2754 360 2829 illiue,
387 2771 485 2834 quam
509 2761 607 2818 antea
630 2752 737 2817 facere
761 2753 794 2815 in
817 2754 928 2816 animo
952 2752 1143 2828 habuerant,
1170 2752 1231 2816 hec
1256 2751 1327 2815 sola
1345 2769 1380 2816 re
1400 2753 1488 2814 simi·

265 2861 305 2925 lis
329 2863 379 2938 sit,
411 2861 499 2942 quod
523 2866 639 2924 neutra
667 2877 733 2940 quo
761 2865 909 2939 tempore
936 2857 1092 2924 volebant
1119 2857 1235 2923 effecta
1263 2864 1322 2922 est.
1372 2858 1489 2922 Melius

264 2969 360 3050 igitur
382 2967 462 3030 illud
485 2967 539 3030 καὶ
562 2984 638 3029 cum
662 2965 818 3030 adverbio
840 2966 993 3048 πρότερον
1016 2965 1166 3046 iungitur,
1198 2983 1264 3047 quo
1293 2967 1346 3029 hio
1370 2984 1490 3030 sensus

265 3075 314 3139 fit:
350 3079 429 3138 tuno
463 3090 544 3138 oeno
569 3069 672 3155 prius
701 3069 806 3136 etiam
835 3091 940 3156 quom
969 3067 1170 3156 cogitabant
1192 3067 1343 3160 deficere
1367 3071 1487 3136 coacti.

268 3180 454 3268 [Siesbyeus
486 3180 540 3244 καὶ
572 3198 590 3244 e
623 3180 790 3259 superiore
818 3179 872 3243 καὶ
899 3185 1006 3244 ortum
1030 3186 1086 3244 aut
1108 3179 1389 3260 transponendum
1413 3198 1488 3244 esse

264 3287 437 3373 opinatur]

355 3395 388 3468 3,
412 3394 443 3458 6.
478 3395 515 3458 τά
537 3418 569 3457 τε
592 3393 669 3457 ἄλλα
691 3399 756 3457 τῶν
778 3399 889 3476 τειχῶν
911 3393 965 3457 καὶ
987 3393 1121 3475 λιμένων
1148 3393 1219 3475 περὶ
1245 3392 1294 3455 cd
1309 3393 1488 3475 ἡμιτέλεστα

264 3503 460 3585 φραξάμενοι
489 3500 691 3584 ἐφύλασσον]
715 3501 797 3564 haec
821 3500 916 3563 codd.
948 3517 1063 3564 omrres
1087 3499 1241 3564 exhibent
1264 3517 1371 3580 neque
1395 3501 1488 3580 quid-

265 3627 363 3689 quam
387 3607 579 3672 mutandum
604 3625 677 3673 esse
702 3608 862 3671 existimo
910 3605 1020 3670 Verba
1041 3608 1078 3669 τά
1100 3631 1131 3670 τε
1154 3607 1230 3670 ἄλλο
1255 3605 1398 3671 Stahlius
1420 3604 1485 3691 (IV,

264 3713 317 3790 55,
347 3715 379 3788 1;
407 3715 458 3792 Vl,
485 3714 538 3788 31,
565 3714 600 3787 3;
628 3714 708 3790 VIII,
736 3714 788 3790 86,
816 3715 834 3776 7
860 3709 949 3798 οοΙΙ.)
978 3721 1082 3778 recte:
1109 3716 1142 3776 et
1161 3716 1351 3795 praeterea
1378 3713 1485 3790 vertit,

265 3821 323 3886 sed
347 3822 381 3884 in
404 3840 455 3897 eo,
483 3820 652 3886 Classenio
672 3821 775 3894 socie,
797 3819 925 3895 erravit,
948 3819 1036 3900 quod
1060 3838 1160 3900 opera
1178 3818 1322 3901 perfecta
1340 3826 1373 3883 et
1392 3821 1486 3884 semi·

264 3925 407 4008 perfecta
434 3928 487 3992 hic
515 3927 667 4009 distingui
700 3927 833 4007 putavit.
891 3926 984 4006 Quod
1018 3933 1053 3990 ut
1081 3926 1149 3991 fieri
1176 3934 1345 4007 putemus·
1379 3944 1487 4008 neque

263 4035 361 4099 rebus
385 4053 492 4115 neque
517 4053 668 4100 sermone
693 4035 854 4115 cogimur;
880 4033 1087 4116 Thucydides
1111 4035 1230 4115 quippe
1251 4053 1279 4097 c.
1302 4033 1333 4110 2,
1350 4033 1370 4096 2
1387 4051 1488 4114 opera

263 4159 331 4205 non
355 4139 498 4220 perfecta
522 4139 621 4206 fuisse
645 4141 797 4204 universe
821 4140 933 4204 scribit
956 4158 1027 4220 nec,
1054 4141 1082 4204 si
1105 4140 1274 4222 genetivus
1293 4145 1357 4203 τῶν
1376 4145 1488 4222 τειχῶν

263 4249 325 4312 κτλ.
354 4248 558 4328 praepositus
587 4255 646 4324 est,
677 4248 751 4312 ideo
776 4247 961 4328 partitivum
985 4265 1059 4310 eum
1083 4265 1157 4312 esse
1181 4265 1317 4311 necesse
1342 4252 1406 4319 est;
1442 4245 1483 4310 oi.

266 4354 330 4431 VII,
357 4353 410 4430 68,
439 4354 472 4417 1:
497 4360 551 4438 τῆς
575 4355 705 4438 γνώμης
727 4353 761 4418 τὸ
784 4353 990 4436 θυμούμενον
1009 4350 1184 4432 (animum
1204 4349 1358 4436 iratum).
1410 4353 1485 4418 Ver·

263 4461 341 4524 bum
374 4462 570 4545 φραξάμενοι
602 4467 710 4525 utrum
739 4461 887 4526 absolute
915 4461 1058 4540 positum
1086 4477 1159 4524 esse
1184 4457 1237 4545 (of.
1266 4459 1345 4536 Vlll,
1371 4458 1425 4535 35,
1451 4458 1484 4542 4)

263 4568 391 4632 dicatur
418 4587 470 4644 an,
501 4568 534 4632 id
563 4568 651 4649 quod
678 4568 800 4631 rectius
828 4568 986 4642 duxerim,
1013 4585 1053 4632 ex
1077 4565 1298 4647 superioribus
1321 4565 1357 4628 mi
1381 4567 1485 4648 ἡμιτέ-
