<?xml version="1.0" encoding="UTF-8"?>
<!DOCTYPE html PUBLIC "-//W3C//DTD XHTML 1.0 Transitional//EN"
    "http://www.w3.org/TR/xhtml1/DTD/xhtml1-transitional.dtd">
<html xmlns="http://www.w3.org/1999/xhtml" xml:lang="en" lang="en">
 <head>
  <title>
</title>
<meta http-equiv="Content-Type" content="text/html;charset=utf-8" />
  <meta name='ocr-system' content='tesseract 3.04.00' />
  <meta name='ocr-capabilities' content='ocr_page ocr_carea ocr_par ocr_line ocrx_word'/>
</head>
<body>
  <div class='ocr_page' id='page_1' title='image "./commentariicrit00hudegoog_0095.png"; bbox 0 0 3262 5052; ppageno 0'>
   <div class='ocr_carea' id='block_1_1' title="bbox 814 321 857 386">
    <p class='ocr_par' dir='ltr' id='par_1_1' title="bbox 814 321 857 386">
     <span class='ocr_line' id='line_1_1' title="bbox 814 321 857 386; baseline -0.047 0"><span class='ocrx_word' id='word_1_1' title='bbox 814 321 857 386; x_wconf 90' lang='grc'>82</span> 
     </span>
    </p>
   </div>
   <div class='ocr_carea' id='block_1_2' title="bbox 207 496 1515 3888">
    <p class='ocr_par' dir='ltr' id='par_1_2' title="bbox 221 496 1450 1222">
     <span class='ocr_line' id='line_1_2' title="bbox 223 496 1450 583; baseline -0.003 -19"><span class='ocrx_word' id='word_1_2' title='bbox 223 499 375 564; x_wconf 90' lang='lat' dir='ltr'>omnibus</span> <span class='ocrx_word' id='word_1_3' title='bbox 399 498 466 564; x_wconf 88' lang='lat' dir='ltr'>fere</span> <span class='ocrx_word' id='word_1_4' title='bbox 491 517 566 562; x_wconf 91' lang='lat' dir='ltr'>oum</span> <span class='ocrx_word' id='word_1_5' title='bbox 592 500 811 564; x_wconf 83' lang='lat' dir='ltr'>Laurentiano</span> <span class='ocrx_word' id='word_1_6' title='bbox 837 500 1097 564; x_wconf 80' lang='lat' dir='ltr'>consentientem</span> <span class='ocrx_word' id='word_1_7' title='bbox 1122 499 1242 564; x_wconf 88' lang='lat' dir='ltr'>inveni.</span> <span class='ocrx_word' id='word_1_8' title='bbox 1288 496 1450 583; x_wconf 84' lang='lat' dir='ltr'>[Gertzius</span> 
     </span>
     <span class='ocr_line' id='line_1_3' title="bbox 222 603 1447 686; baseline -0.001 -17"><span class='ocrx_word' id='word_1_9' title='bbox 222 625 353 672; x_wconf 88' lang='lat' dir='ltr'>versum</span> <span class='ocrx_word' id='word_1_10' title='bbox 386 606 547 671; x_wconf 86' lang='lat' dir='ltr'>excidisse</span> <span class='ocrx_word' id='word_1_11' title='bbox 581 612 612 669; x_wconf 91' lang='lat' dir='ltr'>et</span> <span class='ocrx_word' id='word_1_12' title='bbox 643 607 753 670; x_wconf 91' lang='lat' dir='ltr'>locum</span> <span class='ocrx_word' id='word_1_13' title='bbox 777 607 824 668; x_wconf 90' lang='lat' dir='ltr'>sic</span> <span class='ocrx_word' id='word_1_14' title='bbox 849 603 916 670; x_wconf 83' lang='lat' dir='ltr'>iere</span> <span class='ocrx_word' id='word_1_15' title='bbox 940 606 1095 685; x_wconf 91' lang='lat' dir='ltr'>scriptum</span> <span class='ocrx_word' id='word_1_16' title='bbox 1121 603 1220 669; x_wconf 83' lang='lat' dir='ltr'>fuisse</span> <span class='ocrx_word' id='word_1_17' title='bbox 1245 605 1447 686; x_wconf 89' lang='lat' dir='ltr'>suspicatur:</span> 
     </span>
     <span class='ocr_line' id='line_1_4' title="bbox 221 711 1448 795; baseline -0.002 -19"><span class='ocrx_word' id='word_1_18' title='bbox 221 719 465 795; x_wconf 83' lang='grc' dir='ltr'><strong><em>περαιοῦνται</em></strong></span> <span class='ocrx_word' id='word_1_19' title='bbox 496 711 549 775; x_wconf 86' lang='grc' dir='ltr'><strong><em>τὸν</em></strong></span> <span class='ocrx_word' id='word_1_20' title='bbox 581 713 701 777; x_wconf 77' lang='grc' dir='ltr'><strong><em>κόλπον</em></strong></span> <span class='ocrx_word' id='word_1_21' title='bbox 733 711 786 775; x_wconf 88' lang='grc' dir='ltr'><strong><em>τὸν</em></strong></span> <span class='ocrx_word' id='word_1_22' title='bbox 811 711 983 775; x_wconf 53' lang='lat' dir='ltr'>Platamos</span> <span class='ocrx_word' id='word_1_23' title='bbox 1015 711 1068 775; x_wconf 85' lang='grc' dir='ltr'><strong><em>καί</em></strong></span> <span class='ocrx_word' id='word_1_24' title='bbox 1103 712 1159 794; x_wconf 86' lang='grc' dir='ltr'><strong><em>τὴν</em></strong></span> <span class='ocrx_word' id='word_1_25' title='bbox 1195 712 1291 775; x_wconf 83' lang='grc' dir='ltr'><strong><em>νύκτα</em></strong></span> <span class='ocrx_word' id='word_1_26' title='bbox 1328 712 1448 794; x_wconf 85' lang='grc' dir='ltr'><strong><em>ἀναμέ-</em></strong></span> 
     </span>
     <span class='ocr_line' id='line_1_5' title="bbox 221 815 1450 903; baseline -0.003 -19"><span class='ocrx_word' id='word_1_27' title='bbox 221 845 326 891; x_wconf 88' lang='grc' dir='ltr'><strong><em>νοντες</em></strong></span> <span class='ocrx_word' id='word_1_28' title='bbox 358 820 688 883; x_wconf 81' lang='grc' dir='ltr'><strong><em>δειπνοποιοῦνται</em></strong></span> <span class='ocrx_word' id='word_1_29' title='bbox 721 819 754 882; x_wconf 78' lang='grc' dir='ltr'><strong><em>ἐν</em></strong></span> <span class='ocrx_word' id='word_1_30' title='bbox 777 819 820 881; x_wconf 81' lang='grc' dir='ltr'>Ἄ.</span> <span class='ocrx_word' id='word_1_31' title='bbox 846 817 933 900; x_wconf 81' lang='grc' dir='ltr'><strong><em>(καί)</em></strong></span> <span class='ocrx_word' id='word_1_32' title='bbox 962 824 1017 901; x_wconf 85' lang='grc' dir='ltr'>τῆς</span> <span class='ocrx_word' id='word_1_33' title='bbox 1039 820 1068 902; x_wconf 82' lang='grc' dir='ltr'>ἠ</span> <span class='ocrx_word' id='word_1_34' title='bbox 1091 816 1164 903; x_wconf 66' lang='grc' dir='ltr'><strong><em>κτλ]</em></strong></span> <span class='ocrx_word' id='word_1_35' title='bbox 1193 855 1235 864; x_wconf 95' lang='lat'>-</span> <span class='ocrx_word' id='word_1_36' title='bbox 1257 815 1280 903; x_wconf 67' lang='grc' dir='ltr'>ξ</span> <span class='ocrx_word' id='word_1_37' title='bbox 1302 817 1322 882; x_wconf 91' lang='grc'>3</span> <span class='ocrx_word' id='word_1_38' title='bbox 1346 818 1450 881; x_wconf 85' lang='lat' dir='ltr'>verba</span> 
     </span>
     <span class='ocr_line' id='line_1_6' title="bbox 221 923 1450 1010; baseline -0.002 -20"><span class='ocrx_word' id='word_1_39' title='bbox 221 927 277 1010; x_wconf 84' lang='grc' dir='ltr'><strong><em>τὴν</em></strong></span> <span class='ocrx_word' id='word_1_40' title='bbox 299 926 447 1009; x_wconf 85' lang='grc' dir='ltr'><strong><em>Κυμαίαν</em></strong></span> <span class='ocrx_word' id='word_1_41' title='bbox 473 927 566 989; x_wconf 85' lang='lat' dir='ltr'>baur.</span> <span class='ocrx_word' id='word_1_42' title='bbox 602 926 692 989; x_wconf 91' lang='lat' dir='ltr'>solus</span> <span class='ocrx_word' id='word_1_43' title='bbox 725 931 813 990; x_wconf 90' lang='lat' dir='ltr'>recte</span> <span class='ocrx_word' id='word_1_44' title='bbox 847 926 975 989; x_wconf 86' lang='lat' dir='ltr'>omittit.</span> <span class='ocrx_word' id='word_1_45' title='bbox 1028 923 1186 1010; x_wconf 81' lang='lat' dir='ltr'>[Gertzius</span> <span class='ocrx_word' id='word_1_46' title='bbox 1213 924 1269 1007; x_wconf 82' lang='grc' dir='ltr'><strong><em>τὴν</em></strong></span> <span class='ocrx_word' id='word_1_47' title='bbox 1292 924 1450 988; x_wconf 87' lang='grc' dir='ltr'><strong><em>Καναίαν</em></strong></span> 
     </span>
     <span class='ocr_line' id='line_1_7' title="bbox 223 1030 1446 1113; baseline -0.002 -17"><span class='ocrx_word' id='word_1_48' title='bbox 223 1033 377 1113; x_wconf 86' lang='lat' dir='ltr'>scriptum</span> <span class='ocrx_word' id='word_1_49' title='bbox 401 1033 484 1106; x_wconf 88' lang='lat' dir='ltr'>vult;</span> <span class='ocrx_word' id='word_1_50' title='bbox 517 1033 574 1096; x_wconf 89' lang='lat' dir='ltr'>scd</span> <span class='ocrx_word' id='word_1_51' title='bbox 599 1030 639 1096; x_wconf 84' lang='lat' dir='ltr'>cf.</span> <span class='ocrx_word' id='word_1_52' title='bbox 666 1033 707 1096; x_wconf 88' lang='lat' dir='ltr'>de</span> <span class='ocrx_word' id='word_1_53' title='bbox 730 1033 832 1098; x_wconf 87' lang='lat' dir='ltr'>verbo</span> <span class='ocrx_word' id='word_1_54' title='bbox 856 1031 1029 1112; x_wconf 80' lang='grc' dir='ltr'><strong><em>παραπλεῖν</em></strong></span> <span class='ocrx_word' id='word_1_55' title='bbox 1053 1031 1203 1096; x_wconf 85' lang='lat' dir='ltr'>absolute</span> <span class='ocrx_word' id='word_1_56' title='bbox 1227 1032 1333 1111; x_wconf 90' lang='lat' dir='ltr'>posito</span> <span class='ocrx_word' id='word_1_57' title='bbox 1358 1049 1388 1093; x_wconf 83' lang='lat' dir='ltr'>v,</span> <span class='ocrx_word' id='word_1_58' title='bbox 1416 1049 1446 1094; x_wconf 91' lang='lat' dir='ltr'>c.</span> 
     </span>
     <span class='ocr_line' id='line_1_8' title="bbox 225 1136 916 1222; baseline -0.001 -20"><span class='ocrx_word' id='word_1_59' title='bbox 225 1139 276 1216; x_wconf 88' lang='lat'>10,</span> <span class='ocrx_word' id='word_1_60' title='bbox 303 1139 339 1212; x_wconf 87' lang='lat'>3;</span> <span class='ocrx_word' id='word_1_61' title='bbox 365 1139 418 1216; x_wconf 86' lang='lat'>31,</span> <span class='ocrx_word' id='word_1_62' title='bbox 445 1139 481 1212; x_wconf 83' lang='lat'>2;</span> <span class='ocrx_word' id='word_1_63' title='bbox 507 1140 560 1214; x_wconf 87' lang='grc'>41,</span> <span class='ocrx_word' id='word_1_64' title='bbox 588 1138 624 1211; x_wconf 87' lang='grc'>3;</span> <span class='ocrx_word' id='word_1_65' title='bbox 650 1138 703 1211; x_wconf 89' lang='grc'>63,</span> <span class='ocrx_word' id='word_1_66' title='bbox 730 1138 766 1211; x_wconf 86' lang='grc'>2;</span> <span class='ocrx_word' id='word_1_67' title='bbox 793 1136 846 1215; x_wconf 83' lang='grc'>95,</span> <span class='ocrx_word' id='word_1_68' title='bbox 875 1136 916 1222; x_wconf 63' lang='grc' dir='ltr'><strong><em>λι]</em></strong></span> 
     </span>
    </p>

    <p class='ocr_par' dir='ltr' id='par_1_3' title="bbox 207 1244 1515 3888">
     <span class='ocr_line' id='line_1_9' title="bbox 315 1244 1449 1327; baseline 0.004 -17"><span class='ocrx_word' id='word_1_69' title='bbox 315 1245 399 1321; x_wconf 83' lang='grc'>102,</span> <span class='ocrx_word' id='word_1_70' title='bbox 423 1246 443 1310; x_wconf 98' lang='grc'>2</span> <span class='ocrx_word' id='word_1_71' title='bbox 467 1245 609 1311; x_wconf 85' lang='lat' dir='ltr'>editores</span> <span class='ocrx_word' id='word_1_72' title='bbox 642 1246 676 1308; x_wconf 94' lang='lat' dir='ltr'>in</span> <span class='ocrx_word' id='word_1_73' title='bbox 706 1244 815 1310; x_wconf 88' lang='lat' dir='ltr'>verbis</span> <span class='ocrx_word' id='word_1_74' title='bbox 840 1245 1015 1325; x_wconf 81' lang='lat' dir='ltr'>conuptis:</span> <span class='ocrx_word' id='word_1_75' title='bbox 1050 1246 1280 1327; x_wconf 76' lang='grc' dir='ltr'><strong><em>προειρημένης</em></strong></span> <span class='ocrx_word' id='word_1_76' title='bbox 1302 1245 1449 1327; x_wconf 81' lang='grc' dir='ltr'><strong><em>φυλακῆς</em></strong></span> 
     </span>
     <span class='ocr_line' id='line_1_10' title="bbox 299 1351 1446 1436; baseline 0 -22"><span class='ocrx_word' id='word_1_77' title='bbox 299 1355 338 1436; x_wconf 76' lang='grc' dir='ltr'><strong><em>ἢν</em></strong></span> <span class='ocrx_word' id='word_1_78' title='bbox 369 1353 523 1416; x_wconf 69' lang='grc' dir='ltr'><strong><em>ἐκπλέουσι</em></strong></span> <span class='ocrx_word' id='word_1_79' title='bbox 561 1352 763 1432; x_wconf 80' lang='lat' dir='ltr'>explicandis</span> <span class='ocrx_word' id='word_1_80' title='bbox 796 1370 995 1432; x_wconf 81' lang='lat' dir='ltr'>magnopere</span> <span class='ocrx_word' id='word_1_81' title='bbox 1028 1352 1179 1423; x_wconf 86' lang='lat' dir='ltr'>haerent;</span> <span class='ocrx_word' id='word_1_82' title='bbox 1218 1369 1326 1432; x_wconf 91' lang='lat' dir='ltr'>neque</span> <span class='ocrx_word' id='word_1_83' title='bbox 1359 1351 1446 1415; x_wconf 89' lang='lat' dir='ltr'>enim</span> 
     </span>
     <span class='ocr_line' id='line_1_11' title="bbox 223 1457 1447 1541; baseline -0.002 -19"><span class='ocrx_word' id='word_1_84' title='bbox 223 1460 369 1524; x_wconf 82' lang='lat' dir='ltr'>dativum</span> <span class='ocrx_word' id='word_1_85' title='bbox 400 1467 446 1541; x_wconf 80' lang='grc' dir='ltr'>τῷ</span> <span class='ocrx_word' id='word_1_86' title='bbox 477 1459 571 1541; x_wconf 89' lang='grc' dir='ltr'><strong><em>φιλίῳ</em></strong></span> <span class='ocrx_word' id='word_1_87' title='bbox 603 1459 723 1540; x_wconf 75' lang='grc' dir='ltr'><strong><em>ἐπίπλῳ</em></strong></span> <span class='ocrx_word' id='word_1_88' title='bbox 755 1477 814 1539; x_wconf 87' lang='lat' dir='ltr'>pro</span> <span class='ocrx_word' id='word_1_89' title='bbox 847 1457 911 1522; x_wconf 79' lang='grc' dir='ltr'>ὑπὸ</span> <span class='ocrx_word' id='word_1_90' title='bbox 942 1464 997 1522; x_wconf 83' lang='grc' dir='ltr'><strong><em>τοῦ</em></strong></span> <span class='ocrx_word' id='word_1_91' title='bbox 1024 1458 1127 1540; x_wconf 86' lang='grc' dir='ltr'><strong><em>φιλίου</em></strong></span> <span class='ocrx_word' id='word_1_92' title='bbox 1151 1457 1280 1520; x_wconf 78' lang='grc' dir='ltr'><strong><em>ἐπίπλου</em></strong></span> <span class='ocrx_word' id='word_1_93' title='bbox 1304 1458 1447 1538; x_wconf 84' lang='lat' dir='ltr'>positum</span> 
     </span>
     <span class='ocr_line' id='line_1_12' title="bbox 224 1564 1515 1648; baseline -0.003 -18"><span class='ocrx_word' id='word_1_94' title='bbox 224 1584 297 1630; x_wconf 90' lang='lat' dir='ltr'>esse</span> <span class='ocrx_word' id='word_1_95' title='bbox 325 1583 433 1647; x_wconf 88' lang='lat' dir='ltr'>neque</span> <span class='ocrx_word' id='word_1_96' title='bbox 461 1565 577 1630; x_wconf 89' lang='lat' dir='ltr'>vocab.</span> <span class='ocrx_word' id='word_1_97' title='bbox 604 1565 733 1628; x_wconf 78' lang='grc' dir='ltr'><strong><em>ἐπίπλου</em></strong></span> <span class='ocrx_word' id='word_1_98' title='bbox 761 1565 848 1629; x_wconf 90' lang='lat' dir='ltr'>idem</span> <span class='ocrx_word' id='word_1_99' title='bbox 872 1569 971 1645; x_wconf 91' lang='lat' dir='ltr'>atque</span> <span class='ocrx_word' id='word_1_100' title='bbox 995 1564 1105 1628; x_wconf 87' lang='grc' dir='ltr'><strong><em>στόλου</em></strong></span> <span class='ocrx_word' id='word_1_101' title='bbox 1128 1564 1378 1648; x_wconf 88' lang='lat' dir='ltr'>valerepotest,</span> <span class='ocrx_word' id='word_1_102' title='bbox 1414 1564 1447 1626; x_wconf 93' lang='lat' dir='ltr'>id</span> <span class='ocrx_word' id='word_1_103' title='bbox 1508 1623 1515 1638; x_wconf 80' lang='grc'>,</span> 
     </span>
     <span class='ocr_line' id='line_1_13' title="bbox 224 1670 1446 1753; baseline -0.002 -17"><span class='ocrx_word' id='word_1_104' title='bbox 224 1673 312 1753; x_wconf 91' lang='lat' dir='ltr'>quod</span> <span class='ocrx_word' id='word_1_105' title='bbox 345 1672 448 1736; x_wconf 89' lang='lat' dir='ltr'>schol.</span> <span class='ocrx_word' id='word_1_106' title='bbox 483 1672 605 1749; x_wconf 87' lang='lat' dir='ltr'>statuit,</span> <span class='ocrx_word' id='word_1_107' title='bbox 645 1688 707 1734; x_wconf 92' lang='lat' dir='ltr'>nec</span> <span class='ocrx_word' id='word_1_108' title='bbox 740 1688 829 1745; x_wconf 89' lang='lat' dir='ltr'>vero,</span> <span class='ocrx_word' id='word_1_109' title='bbox 869 1671 997 1736; x_wconf 88' lang='lat' dir='ltr'>etiamsi</span> <span class='ocrx_word' id='word_1_110' title='bbox 1029 1676 1204 1752; x_wconf 89' lang='lat' dir='ltr'>utrumque</span> <span class='ocrx_word' id='word_1_111' title='bbox 1236 1670 1305 1734; x_wconf 89' lang='lat' dir='ltr'>fieri</span> <span class='ocrx_word' id='word_1_112' title='bbox 1337 1670 1446 1746; x_wconf 86' lang='lat' dir='ltr'>liceat,</span> 
     </span>
     <span class='ocr_line' id='line_1_14' title="bbox 224 1776 1449 1860; baseline -0.001 -19"><span class='ocrx_word' id='word_1_113' title='bbox 224 1777 320 1843; x_wconf 89' lang='lat' dir='ltr'>facile</span> <span class='ocrx_word' id='word_1_114' title='bbox 352 1778 512 1858; x_wconf 89' lang='lat' dir='ltr'>particula</span> <span class='ocrx_word' id='word_1_115' title='bbox 543 1779 656 1860; x_wconf 86' lang='grc' dir='ltr'><strong><em>καίπερ</em></strong></span> <span class='ocrx_word' id='word_1_116' title='bbox 689 1795 871 1841; x_wconf 90' lang='lat' dir='ltr'>careamus.</span> <span class='ocrx_word' id='word_1_117' title='bbox 921 1776 1125 1842; x_wconf 87' lang='lat' dir='ltr'>Classenium</span> <span class='ocrx_word' id='word_1_118' title='bbox 1157 1777 1259 1842; x_wconf 88' lang='lat' dir='ltr'>verba</span> <span class='ocrx_word' id='word_1_119' title='bbox 1285 1785 1331 1859; x_wconf 83' lang='grc' dir='ltr'>τῷ</span> <span class='ocrx_word' id='word_1_120' title='bbox 1353 1778 1449 1859; x_wconf 84' lang='grc' dir='ltr'><strong><em>φιλίῳ</em></strong></span> 
     </span>
     <span class='ocr_line' id='line_1_15' title="bbox 224 1883 1451 1967; baseline -0.002 -18"><span class='ocrx_word' id='word_1_121' title='bbox 224 1885 343 1967; x_wconf 80' lang='grc' dir='ltr'><strong><em>ἐπίπλῳ</em></strong></span> <span class='ocrx_word' id='word_1_122' title='bbox 371 1885 411 1949; x_wconf 93' lang='lat' dir='ltr'>de</span> <span class='ocrx_word' id='word_1_123' title='bbox 441 1885 547 1949; x_wconf 89' lang='lat' dir='ltr'>classe</span> <span class='ocrx_word' id='word_1_124' title='bbox 572 1884 732 1966; x_wconf 86' lang='lat' dir='ltr'>Thrasylli</span> <span class='ocrx_word' id='word_1_125' title='bbox 756 1885 820 1947; x_wconf 88' lang='lat' dir='ltr'>hoo</span> <span class='ocrx_word' id='word_1_126' title='bbox 844 1889 991 1964; x_wconf 88' lang='lat' dir='ltr'>temporo</span> <span class='ocrx_word' id='word_1_127' title='bbox 1015 1883 1151 1948; x_wconf 84' lang='lat' dir='ltr'>Eresum</span> <span class='ocrx_word' id='word_1_128' title='bbox 1174 1884 1336 1948; x_wconf 90' lang='lat' dir='ltr'>obsidenti</span> <span class='ocrx_word' id='word_1_129' title='bbox 1360 1883 1451 1947; x_wconf 89' lang='lat' dir='ltr'>dicta</span> 
     </span>
     <span class='ocr_line' id='line_1_16' title="bbox 224 1989 1446 2072; baseline -0.002 -16"><span class='ocrx_word' id='word_1_130' title='bbox 224 2011 296 2056; x_wconf 90' lang='lat' dir='ltr'>esse</span> <span class='ocrx_word' id='word_1_131' title='bbox 320 1997 488 2072; x_wconf 90' lang='lat' dir='ltr'>putantem</span> <span class='ocrx_word' id='word_1_132' title='bbox 513 1992 592 2055; x_wconf 84' lang='lat' dir='ltr'>satis</span> <span class='ocrx_word' id='word_1_133' title='bbox 616 1989 769 2055; x_wconf 84' lang='lat' dir='ltr'>refutavit</span> <span class='ocrx_word' id='word_1_134' title='bbox 792 1989 947 2064; x_wconf 88' lang='lat' dir='ltr'>Stahlius‚</span> <span class='ocrx_word' id='word_1_135' title='bbox 975 1991 1030 2070; x_wconf 92' lang='lat' dir='ltr'>qui</span> <span class='ocrx_word' id='word_1_136' title='bbox 1053 1992 1123 2070; x_wconf 90' lang='lat' dir='ltr'>ipse</span> <span class='ocrx_word' id='word_1_137' title='bbox 1146 1991 1300 2054; x_wconf 87' lang='lat' dir='ltr'>lacunam</span> <span class='ocrx_word' id='word_1_138' title='bbox 1323 1991 1446 2060; x_wconf 81' lang='lat' dir='ltr'>statuit.</span> 
     </span>
     <span class='ocr_line' id='line_1_17' title="bbox 224 2097 1448 2180; baseline -0.001 -18"><span class='ocrx_word' id='word_1_139' title='bbox 224 2118 299 2162; x_wconf 90' lang='lat' dir='ltr'>cum</span> <span class='ocrx_word' id='word_1_140' title='bbox 324 2105 398 2179; x_wconf 90' lang='lat' dir='ltr'>post</span> <span class='ocrx_word' id='word_1_141' title='bbox 421 2099 537 2162; x_wconf 72' lang='grc' dir='ltr'><strong><em>ἔλαθον</em></strong></span> <span class='ocrx_word' id='word_1_142' title='bbox 560 2097 661 2162; x_wconf 91' lang='lat' dir='ltr'>verba</span> <span class='ocrx_word' id='word_1_143' title='bbox 684 2098 888 2180; x_wconf 82' lang='grc' dir='ltr'><strong><em>ἀμελέστερον</em></strong></span> <span class='ocrx_word' id='word_1_144' title='bbox 911 2097 1116 2180; x_wconf 80' lang='grc' dir='ltr'><strong><em>ἐπιτηρούσας</em></strong></span> <span class='ocrx_word' id='word_1_145' title='bbox 1138 2097 1190 2161; x_wconf 85' lang='lat' dir='ltr'>vel</span> <span class='ocrx_word' id='word_1_146' title='bbox 1209 2097 1329 2161; x_wconf 89' lang='lat' dir='ltr'>similia</span> <span class='ocrx_word' id='word_1_147' title='bbox 1349 2098 1448 2161; x_wconf 87' lang='lat' dir='ltr'>inter·</span> 
     </span>
     <span class='ocr_line' id='line_1_18' title="bbox 207 2203 1450 2286; baseline 0 -18"><span class='ocrx_word' id='word_1_148' title='bbox 207 2206 343 2270; x_wconf 79' lang='lat' dir='ltr'>&#39;cidisse</span> <span class='ocrx_word' id='word_1_149' title='bbox 377 2206 538 2286; x_wconf 87' lang='lat' dir='ltr'>opinatur.</span> <span class='ocrx_word' id='word_1_150' title='bbox 587 2204 746 2285; x_wconf 86' lang='lat' dir='ltr'>Equidem</span> <span class='ocrx_word' id='word_1_151' title='bbox 779 2204 826 2267; x_wconf 91' lang='lat' dir='ltr'>sic</span> <span class='ocrx_word' id='word_1_152' title='bbox 859 2204 968 2283; x_wconf 89' lang='lat' dir='ltr'>potius</span> <span class='ocrx_word' id='word_1_153' title='bbox 1001 2203 1110 2267; x_wconf 92' lang='lat' dir='ltr'>locum</span> <span class='ocrx_word' id='word_1_154' title='bbox 1142 2203 1349 2268; x_wconf 89' lang='lat' dir='ltr'>scribendum</span> <span class='ocrx_word' id='word_1_155' title='bbox 1374 2221 1450 2268; x_wconf 88' lang='lat' dir='ltr'>esse</span> 
     </span>
     <span class='ocr_line' id='line_1_19' title="bbox 225 2307 1449 2394; baseline -0.001 -19"><span class='ocrx_word' id='word_1_156' title='bbox 225 2314 390 2393; x_wconf 85' lang='lat' dir='ltr'>suspicor:</span> <span class='ocrx_word' id='word_1_157' title='bbox 416 2337 448 2376; x_wconf 83' lang='lat' dir='ltr'>rr.</span> <span class='ocrx_word' id='word_1_158' title='bbox 473 2337 506 2394; x_wconf 85' lang='grc' dir='ltr'>φ.</span> <span class='ocrx_word' id='word_1_159' title='bbox 529 2318 592 2376; x_wconf 86' lang='grc' dir='ltr'><strong><em>τοῦ</em></strong></span> <span class='ocrx_word' id='word_1_160' title='bbox 616 2312 728 2394; x_wconf 91' lang='grc' dir='ltr'><strong><em>φιλίου</em></strong></span> <span class='ocrx_word' id='word_1_161' title='bbox 752 2310 891 2374; x_wconf 83' lang='grc' dir='ltr'><strong><em>ἐπίπλου</em></strong></span> <span class='ocrx_word' id='word_1_162' title='bbox 914 2347 958 2356; x_wconf 87' lang='lat'><em>-</em></span> <span class='ocrx_word' id='word_1_163' title='bbox 981 2313 1019 2392; x_wconf 85' lang='grc' dir='ltr'><strong><em>ἢν</em></strong></span> <span class='ocrx_word' id='word_1_164' title='bbox 1043 2310 1202 2374; x_wconf 81' lang='grc' dir='ltr'><strong><em>ἐσπλέωσι</em></strong></span> <span class='ocrx_word' id='word_1_165' title='bbox 1220 2311 1240 2372; x_wconf 88' lang='lat' dir='ltr'>i.</span> <span class='ocrx_word' id='word_1_166' title='bbox 1264 2328 1291 2374; x_wconf 89' lang='lat' dir='ltr'>e.</span> <span class='ocrx_word' id='word_1_167' title='bbox 1319 2313 1356 2374; x_wconf 76' lang='lat' dir='ltr'>ut</span> <span class='ocrx_word' id='word_1_168' title='bbox 1378 2307 1449 2394; x_wconf 80' lang='lat' dir='ltr'>qui-</span> 
     </span>
     <span class='ocr_line' id='line_1_20' title="bbox 227 2411 1451 2500; baseline -0.001 -18"><span class='ocrx_word' id='word_1_169' title='bbox 227 2415 287 2483; x_wconf 84' lang='lat' dir='ltr'>bus</span> <span class='ocrx_word' id='word_1_170' title='bbox 313 2435 399 2483; x_wconf 79' lang='lat' dir='ltr'>curu</span> <span class='ocrx_word' id='word_1_171' title='bbox 417 2436 562 2484; x_wconf 80' lang='lat' dir='ltr'>suornm</span> <span class='ocrx_word' id='word_1_172' title='bbox 581 2413 875 2500; x_wconf 79' lang='grc' dir='ltr'><strong><em>αοίνιαοίραιιίίιιοι</em></strong></span> <span class='ocrx_word' id='word_1_173' title='bbox 893 2455 937 2462; x_wconf 99' lang='grc'>-</span> <span class='ocrx_word' id='word_1_174' title='bbox 956 2415 988 2480; x_wconf 83' lang='lat' dir='ltr'>si</span> <span class='ocrx_word' id='word_1_175' title='bbox 1006 2412 1255 2482; x_wconf 76' lang='lat' dir='ltr'>inveherentur</span> <span class='ocrx_word' id='word_1_176' title='bbox 1276 2411 1451 2481; x_wconf 83' lang='lat' dir='ltr'>mandata</span> 
     </span>
     <span class='ocr_line' id='line_1_21' title="bbox 226 2522 1449 2605; baseline -0.002 -17"><span class='ocrx_word' id='word_1_177' title='bbox 226 2527 320 2602; x_wconf 81' lang='lat' dir='ltr'>esset,</span> <span class='ocrx_word' id='word_1_178' title='bbox 346 2543 411 2605; x_wconf 93' lang='lat' dir='ltr'>quo</span> <span class='ocrx_word' id='word_1_179' title='bbox 436 2524 562 2589; x_wconf 90' lang='lat' dir='ltr'>scilicet</span> <span class='ocrx_word' id='word_1_180' title='bbox 585 2522 707 2589; x_wconf 88' lang='lat' dir='ltr'>lactum</span> <span class='ocrx_word' id='word_1_181' title='bbox 732 2530 791 2596; x_wconf 87' lang='lat' dir='ltr'>est,</span> <span class='ocrx_word' id='word_1_182' title='bbox 817 2530 852 2586; x_wconf 91' lang='lat' dir='ltr'>ut</span> <span class='ocrx_word' id='word_1_183' title='bbox 877 2525 988 2588; x_wconf 90' lang='lat' dir='ltr'>hostes</span> <span class='ocrx_word' id='word_1_184' title='bbox 1013 2524 1188 2588; x_wconf 87' lang='lat' dir='ltr'>evehentes</span> <span class='ocrx_word' id='word_1_185' title='bbox 1213 2541 1326 2602; x_wconf 90' lang='lat' dir='ltr'>parum</span> <span class='ocrx_word' id='word_1_186' title='bbox 1346 2525 1449 2588; x_wconf 88' lang='lat' dir='ltr'>anim·</span> 
     </span>
     <span class='ocr_line' id='line_1_22' title="bbox 225 2628 1446 2716; baseline 0 -22"><span class='ocrx_word' id='word_1_187' title='bbox 225 2632 434 2696; x_wconf 87' lang='lat' dir='ltr'>adverterent</span> <span class='ocrx_word' id='word_1_188' title='bbox 459 2629 511 2716; x_wconf 90' lang='lat' dir='ltr'>(de</span> <span class='ocrx_word' id='word_1_189' title='bbox 535 2632 567 2692; x_wconf 88' lang='lat' dir='ltr'>vi</span> <span class='ocrx_word' id='word_1_190' title='bbox 593 2631 768 2694; x_wconf 89' lang='lat' dir='ltr'>locutionis</span> <span class='ocrx_word' id='word_1_191' title='bbox 792 2631 921 2699; x_wconf 83' lang='grc' dir='ltr'><strong><em>ἀνακῶς</em></strong></span> <span class='ocrx_word' id='word_1_192' title='bbox 945 2631 1025 2711; x_wconf 83' lang='grc' dir='ltr'><strong><em>ἔχειν</em></strong></span> <span class='ocrx_word' id='word_1_193' title='bbox 1048 2628 1088 2692; x_wconf 84' lang='lat' dir='ltr'>ci.</span> <span class='ocrx_word' id='word_1_194' title='bbox 1111 2630 1230 2694; x_wconf 88' lang='lat' dir='ltr'>Herod.</span> <span class='ocrx_word' id='word_1_195' title='bbox 1253 2630 1333 2706; x_wconf 91' lang='lat' dir='ltr'>Vlll,</span> <span class='ocrx_word' id='word_1_196' title='bbox 1358 2629 1446 2715; x_wconf 83' lang='lat'>109).</span> 
     </span>
     <span class='ocr_line' id='line_1_23' title="bbox 226 2735 1449 2824; baseline -0.001 -23"><span class='ocrx_word' id='word_1_197' title='bbox 226 2737 371 2802; x_wconf 85' lang='lat' dir='ltr'>Eandem</span> <span class='ocrx_word' id='word_1_198' title='bbox 403 2735 470 2802; x_wconf 89' lang='lat' dir='ltr'>fere</span> <span class='ocrx_word' id='word_1_199' title='bbox 486 2820 488 2824; x_wconf 13' lang='grc' dir='ltr'><strong><em>ι</em></strong></span> <span class='ocrx_word' id='word_1_200' title='bbox 504 2738 696 2800; x_wconf 89' lang='lat' dir='ltr'>sententiam</span> <span class='ocrx_word' id='word_1_201' title='bbox 731 2737 839 2801; x_wconf 90' lang='lat' dir='ltr'>verbis</span> <span class='ocrx_word' id='word_1_202' title='bbox 863 2737 897 2798; x_wconf 90' lang='lat' dir='ltr'>in</span> <span class='ocrx_word' id='word_1_203' title='bbox 921 2736 1011 2798; x_wconf 88' lang='lat' dir='ltr'>libris</span> <span class='ocrx_word' id='word_1_204' title='bbox 1034 2737 1161 2800; x_wconf 85' lang='lat' dir='ltr'>traditis</span> <span class='ocrx_word' id='word_1_205' title='bbox 1184 2737 1292 2801; x_wconf 89' lang='lat' dir='ltr'>inesse</span> <span class='ocrx_word' id='word_1_206' title='bbox 1317 2735 1449 2801; x_wconf 90' lang='lat' dir='ltr'>Grotius</span> 
     </span>
     <span class='ocr_line' id='line_1_24' title="bbox 227 2840 1450 2928; baseline -0.002 -18"><span class='ocrx_word' id='word_1_207' title='bbox 227 2843 320 2928; x_wconf 88' lang='lat' dir='ltr'>(Hist.</span> <span class='ocrx_word' id='word_1_208' title='bbox 344 2843 397 2908; x_wconf 89' lang='lat' dir='ltr'>Gr.</span> <span class='ocrx_word' id='word_1_209' title='bbox 420 2844 490 2908; x_wconf 93' lang='lat' dir='ltr'>Vlll</span> <span class='ocrx_word' id='word_1_210' title='bbox 509 2863 540 2923; x_wconf 91' lang='lat' dir='ltr'>p.</span> <span class='ocrx_word' id='word_1_211' title='bbox 560 2843 622 2906; x_wconf 78' lang='lat'>145</span> <span class='ocrx_word' id='word_1_212' title='bbox 638 2840 744 2927; x_wconf 88' lang='lat' dir='ltr'>seqq.)</span> <span class='ocrx_word' id='word_1_213' title='bbox 770 2843 891 2917; x_wconf 87' lang='lat' dir='ltr'>statuit,</span> <span class='ocrx_word' id='word_1_214' title='bbox 919 2843 1007 2923; x_wconf 92' lang='lat' dir='ltr'>quod</span> <span class='ocrx_word' id='word_1_215' title='bbox 1031 2842 1100 2907; x_wconf 89' lang='lat' dir='ltr'>fieri</span> <span class='ocrx_word' id='word_1_216' title='bbox 1124 2844 1246 2924; x_wconf 88' lang='lat' dir='ltr'>nequit.</span> <span class='ocrx_word' id='word_1_217' title='bbox 1290 2842 1450 2928; x_wconf 80' lang='lat' dir='ltr'>[Gertzius</span> 
     </span>
     <span class='ocr_line' id='line_1_25' title="bbox 227 2949 1449 3034; baseline 0.002 -20"><span class='ocrx_word' id='word_1_218' title='bbox 227 2951 289 3034; x_wconf 82' lang='grc' dir='ltr'><strong><em>(ἐν)</em></strong></span> <span class='ocrx_word' id='word_1_219' title='bbox 313 2959 360 3034; x_wconf 77' lang='grc' dir='ltr'>τῷ</span> <span class='ocrx_word' id='word_1_220' title='bbox 382 2951 475 3033; x_wconf 84' lang='grc' dir='ltr'><strong><em>φιλίῳ</em></strong></span> <span class='ocrx_word' id='word_1_221' title='bbox 499 2951 521 3014; x_wconf 84' lang='grc' dir='ltr'>έ.</span> <span class='ocrx_word' id='word_1_222' title='bbox 546 2950 643 3014; x_wconf 88' lang='lat' dir='ltr'>scribi</span> <span class='ocrx_word' id='word_1_223' title='bbox 668 2956 795 3023; x_wconf 87' lang='lat' dir='ltr'>censet;</span> <span class='ocrx_word' id='word_1_224' title='bbox 831 2968 898 3030; x_wconf 93' lang='lat' dir='ltr'>qua</span> <span class='ocrx_word' id='word_1_225' title='bbox 930 2955 1041 3014; x_wconf 87' lang='lat' dir='ltr'>tamen</span> <span class='ocrx_word' id='word_1_226' title='bbox 1064 2949 1225 3028; x_wconf 88' lang='lat' dir='ltr'>scriptura</span> <span class='ocrx_word' id='word_1_227' title='bbox 1248 2949 1449 3016; x_wconf 86' lang='lat' dir='ltr'>tollanturne</span> 
     </span>
     <span class='ocr_line' id='line_1_26' title="bbox 226 3053 1449 3142; baseline 0.001 -22"><span class='ocrx_word' id='word_1_228' title='bbox 226 3055 431 3122; x_wconf 87' lang='lat' dir='ltr'>difficultates</span> <span class='ocrx_word' id='word_1_229' title='bbox 456 3054 592 3142; x_wconf 85' lang='lat' dir='ltr'>dubito]</span> <span class='ocrx_word' id='word_1_230' title='bbox 619 3055 789 3120; x_wconf 86' lang='lat' dir='ltr'>—Paulo</span> <span class='ocrx_word' id='word_1_231' title='bbox 822 3053 906 3119; x_wconf 85' lang='lat' dir='ltr'>inira</span> <span class='ocrx_word' id='word_1_232' title='bbox 937 3057 1120 3139; x_wconf 85' lang='grc' dir='ltr'><strong><em>ποιούμενοι</em></strong></span> <span class='ocrx_word' id='word_1_233' title='bbox 1152 3063 1341 3136; x_wconf 87' lang='lat' dir='ltr'>corruptum</span> <span class='ocrx_word' id='word_1_234' title='bbox 1374 3075 1449 3122; x_wconf 88' lang='lat' dir='ltr'>esse</span> 
     </span>
     <span class='ocr_line' id='line_1_27' title="bbox 226 3160 1450 3248; baseline 0.001 -22"><span class='ocrx_word' id='word_1_235' title='bbox 226 3170 258 3226; x_wconf 89' lang='lat' dir='ltr'>et</span> <span class='ocrx_word' id='word_1_236' title='bbox 280 3165 472 3245; x_wconf 74' lang='grc' dir='ltr'><strong><em>ποιουμένων</em></strong></span> <span class='ocrx_word' id='word_1_237' title='bbox 498 3160 641 3248; x_wconf 81' lang='lat' dir='ltr'>(Krueg.)</span> <span class='ocrx_word' id='word_1_238' title='bbox 671 3163 721 3226; x_wconf 84' lang='lat' dir='ltr'>vel</span> <span class='ocrx_word' id='word_1_239' title='bbox 748 3165 861 3245; x_wconf 87' lang='grc' dir='ltr'><strong><em>-μένας</em></strong></span> <span class='ocrx_word' id='word_1_240' title='bbox 885 3160 1016 3248; x_wconf 86' lang='lat' dir='ltr'>(Class.)</span> <span class='ocrx_word' id='word_1_241' title='bbox 1042 3163 1140 3227; x_wconf 90' lang='lat' dir='ltr'>scribi</span> <span class='ocrx_word' id='word_1_242' title='bbox 1164 3163 1283 3228; x_wconf 88' lang='lat' dir='ltr'>debere</span> <span class='ocrx_word' id='word_1_243' title='bbox 1307 3164 1450 3228; x_wconf 87' lang='lat' dir='ltr'>editores</span> 
     </span>
     <span class='ocr_line' id='line_1_28' title="bbox 227 3267 1450 3354; baseline 0.001 -21"><span class='ocrx_word' id='word_1_244' title='bbox 227 3289 341 3334; x_wconf 91' lang='lat' dir='ltr'>omnes</span> <span class='ocrx_word' id='word_1_245' title='bbox 364 3271 435 3334; x_wconf 90' lang='lat' dir='ltr'>iure</span> <span class='ocrx_word' id='word_1_246' title='bbox 459 3271 668 3334; x_wconf 91' lang='lat' dir='ltr'>consentiunt</span> <span class='ocrx_word' id='word_1_247' title='bbox 700 3267 858 3354; x_wconf 76' lang='lat' dir='ltr'>[Gertzios</span> <span class='ocrx_word' id='word_1_248' title='bbox 882 3271 1126 3341; x_wconf 79' lang='grc' dir='ltr'><strong><em>κατιδόνιος-</em></strong></span> <span class='ocrx_word' id='word_1_249' title='bbox 1140 3271 1340 3352; x_wconf 71' lang='grc' dir='ltr'><strong><em>ποιουμένου</em></strong></span> <span class='ocrx_word' id='word_1_250' title='bbox 1369 3272 1450 3334; x_wconf 92' lang='lat' dir='ltr'>satis</span> 
     </span>
     <span class='ocr_line' id='line_1_29' title="bbox 226 3375 1450 3461; baseline 0 -21"><span class='ocrx_word' id='word_1_251' title='bbox 226 3376 440 3457; x_wconf 87' lang='lat' dir='ltr'>probabiliter</span> <span class='ocrx_word' id='word_1_252' title='bbox 473 3375 641 3461; x_wconf 76' lang='lat' dir='ltr'>coniecitl3</span> <span class='ocrx_word' id='word_1_253' title='bbox 678 3383 712 3440; x_wconf 89' lang='lat' dir='ltr'>at</span> <span class='ocrx_word' id='word_1_254' title='bbox 745 3376 830 3440; x_wconf 88' lang='lat' dir='ltr'>male</span> <span class='ocrx_word' id='word_1_255' title='bbox 853 3378 951 3441; x_wconf 92' lang='lat' dir='ltr'>iidem</span> <span class='ocrx_word' id='word_1_256' title='bbox 977 3377 1145 3442; x_wconf 86' lang='lat' dir='ltr'>Reiskium</span> <span class='ocrx_word' id='word_1_257' title='bbox 1169 3379 1273 3441; x_wconf 90' lang='lat' dir='ltr'>secuti</span> <span class='ocrx_word' id='word_1_258' title='bbox 1296 3382 1393 3441; x_wconf 85' lang='grc' dir='ltr'><strong><em>πᾶσαι</em></strong></span> <span class='ocrx_word' id='word_1_259' title='bbox 1415 3377 1450 3440; x_wconf 91' lang='lat' dir='ltr'>in</span> 
     </span>
     <span class='ocr_line' id='line_1_30' title="bbox 226 3483 1448 3564; baseline 0.001 -18"><span class='ocrx_word' id='word_1_260' title='bbox 226 3485 359 3554; x_wconf 87' lang='grc' dir='ltr'><strong><em>πάσαις</em></strong></span> <span class='ocrx_word' id='word_1_261' title='bbox 383 3489 604 3560; x_wconf 89' lang='lat' dir='ltr'>correxerunt,</span> <span class='ocrx_word' id='word_1_262' title='bbox 632 3483 672 3547; x_wconf 87' lang='lat' dir='ltr'>cl.</span> <span class='ocrx_word' id='word_1_263' title='bbox 700 3483 764 3548; x_wconf 91' lang='lat' dir='ltr'>loci</span> <span class='ocrx_word' id='word_1_264' title='bbox 788 3502 871 3564; x_wconf 92' lang='lat' dir='ltr'>quos</span> <span class='ocrx_word' id='word_1_265' title='bbox 895 3483 936 3546; x_wconf 91' lang='lat' dir='ltr'>ad</span> <span class='ocrx_word' id='word_1_266' title='bbox 962 3502 990 3546; x_wconf 93' lang='lat' dir='ltr'>c.</span> <span class='ocrx_word' id='word_1_267' title='bbox 1019 3483 1092 3558; x_wconf 86' lang='lat'>101,</span> <span class='ocrx_word' id='word_1_268' title='bbox 1121 3485 1149 3562; x_wconf 90' lang='grc'>1.,</span> <span class='ocrx_word' id='word_1_269' title='bbox 1176 3484 1283 3556; x_wconf 84' lang='lat' dir='ltr'>attuli;</span> <span class='ocrx_word' id='word_1_270' title='bbox 1310 3485 1448 3560; x_wconf 86' lang='lat' dir='ltr'>accedit,</span> 
     </span>
     <span class='ocr_line' id='line_1_31' title="bbox 228 3588 1452 3673; baseline 0.001 -20"><span class='ocrx_word' id='word_1_271' title='bbox 228 3591 315 3670; x_wconf 91' lang='lat' dir='ltr'>quod</span> <span class='ocrx_word' id='word_1_272' title='bbox 344 3592 381 3654; x_wconf 87' lang='grc' dir='ltr'><strong><em>αί</em></strong></span> <span class='ocrx_word' id='word_1_273' title='bbox 407 3590 467 3673; x_wconf 73' lang='grc' dir='ltr'><strong><em>μέν</em></strong></span> <span class='ocrx_word' id='word_1_274' title='bbox 489 3591 612 3660; x_wconf 88' lang='grc' dir='ltr'><strong><em>πλείους</em></strong></span> <span class='ocrx_word' id='word_1_275' title='bbox 635 3593 791 3671; x_wconf 90' lang='lat' dir='ltr'>sequitur.</span> <span class='ocrx_word' id='word_1_276' title='bbox 840 3589 876 3652; x_wconf 94' lang='lat' dir='ltr'>ln</span> <span class='ocrx_word' id='word_1_277' title='bbox 900 3590 1003 3654; x_wconf 89' lang='lat' dir='ltr'>Vatic.</span> <span class='ocrx_word' id='word_1_278' title='bbox 1029 3591 1133 3660; x_wconf 88' lang='grc' dir='ltr'><strong><em>πάσας</em></strong></span> <span class='ocrx_word' id='word_1_279' title='bbox 1155 3596 1344 3654; x_wconf 87' lang='lat' dir='ltr'>correctura</span> <span class='ocrx_word' id='word_1_280' title='bbox 1366 3588 1452 3655; x_wconf 85' lang='lat' dir='ltr'>falsa</span> 
     </span>
     <span class='ocr_line' id='line_1_32' title="bbox 228 3681 1447 3782; baseline 0.001 -22"><span class='ocrx_word' id='word_1_281' title='bbox 228 3703 335 3760; x_wconf 90' lang='lat' dir='ltr'>ortum</span> <span class='ocrx_word' id='word_1_282' title='bbox 363 3715 435 3761; x_wconf 90' lang='lat' dir='ltr'>esse</span> <span class='ocrx_word' id='word_1_283' title='bbox 464 3697 602 3761; x_wconf 87' lang='lat' dir='ltr'>videtur.</span> <span class='ocrx_word' id='word_1_284' title='bbox 628 3681 863 3776; x_wconf 75' lang='lat' dir='ltr'>-Scriptura</span> <span class='ocrx_word' id='word_1_285' title='bbox 889 3697 1038 3760; x_wconf 89' lang='lat' dir='ltr'>Vaticani</span> <span class='ocrx_word' id='word_1_286' title='bbox 1062 3695 1111 3759; x_wconf 79' lang='grc' dir='ltr'>ἐπί</span> <span class='ocrx_word' id='word_1_287' title='bbox 1132 3702 1186 3779; x_wconf 85' lang='grc' dir='ltr'>τῆς</span> <span class='ocrx_word' id='word_1_288' title='bbox 1202 3696 1333 3779; x_wconf 83' lang='grc' dir='ltr'><strong><em>Ἴμβρου</em></strong></span> <span class='ocrx_word' id='word_1_289' title='bbox 1359 3693 1447 3782; x_wconf 90' lang='lat' dir='ltr'>(cett.</span> 
     </span>
     <span class='ocr_line' id='line_1_33' title="bbox 228 3801 1448 3888; baseline 0.002 -23"><span class='ocrx_word' id='word_1_290' title='bbox 228 3801 370 3888; x_wconf 80' lang='grc' dir='ltr'><strong><em>ἠπείρου)</em></strong></span> <span class='ocrx_word' id='word_1_291' title='bbox 409 3804 517 3867; x_wconf 89' lang='lat' dir='ltr'>verbis</span> <span class='ocrx_word' id='word_1_292' title='bbox 550 3805 702 3868; x_wconf 87' lang='lat' dir='ltr'>extremis</span> <span class='ocrx_word' id='word_1_293' title='bbox 736 3803 852 3882; x_wconf 91' lang='lat' dir='ltr'>capitis</span> <span class='ocrx_word' id='word_1_294' title='bbox 886 3803 1054 3883; x_wconf 89' lang='lat' dir='ltr'>sequentis</span> <span class='ocrx_word' id='word_1_295' title='bbox 1087 3801 1272 3866; x_wconf 88' lang='lat' dir='ltr'>confirmari</span> <span class='ocrx_word' id='word_1_296' title='bbox 1304 3804 1448 3876; x_wconf 66' lang='lat' dir='ltr'>videtum</span> 
     </span>
    </p>
   </div>
   <div class='ocr_carea' id='block_1_3' title="bbox 163 3905 1452 4632">
    <p class='ocr_par' dir='ltr' id='par_1_4' title="bbox 163 3905 1452 4632">
     <span class='ocr_line' id='line_1_34' title="bbox 230 3905 1450 3996; baseline 0.002 -24"><span class='ocrx_word' id='word_1_297' title='bbox 230 3927 416 3991; x_wconf 91' lang='lat' dir='ltr'>quanquam</span> <span class='ocrx_word' id='word_1_298' title='bbox 441 3911 520 3974; x_wconf 92' lang='lat' dir='ltr'>mire</span> <span class='ocrx_word' id='word_1_299' title='bbox 539 3907 623 3974; x_wconf 84' lang='lat' dir='ltr'>infra</span> <span class='ocrx_word' id='word_1_300' title='bbox 639 3905 672 3995; x_wconf 67' lang='grc' dir='ltr'>(ξ</span> <span class='ocrx_word' id='word_1_301' title='bbox 687 3908 718 3996; x_wconf 84' lang='grc'>3)</span> <span class='ocrx_word' id='word_1_302' title='bbox 734 3909 815 3991; x_wconf 85' lang='grc' dir='ltr'><strong><em>πρὸς</em></strong></span> <span class='ocrx_word' id='word_1_303' title='bbox 833 3917 870 3993; x_wconf 82' lang='grc' dir='ltr'>τῇ</span> <span class='ocrx_word' id='word_1_304' title='bbox 882 3909 1004 3992; x_wconf 76' lang='grc' dir='ltr'><strong><em>Ἴμβρῳ</em></strong></span> <span class='ocrx_word' id='word_1_305' title='bbox 1023 3909 1063 3972; x_wconf 91' lang='lat' dir='ltr'>de</span> <span class='ocrx_word' id='word_1_306' title='bbox 1083 3927 1177 3987; x_wconf 89' lang='lat' dir='ltr'>nave,</span> <span class='ocrx_word' id='word_1_307' title='bbox 1204 3928 1288 3991; x_wconf 88' lang='lat' dir='ltr'>quae</span> <span class='ocrx_word' id='word_1_308' title='bbox 1308 3929 1375 3974; x_wconf 96' lang='lat' dir='ltr'>non</span> <span class='ocrx_word' id='word_1_309' title='bbox 1390 3911 1450 3974; x_wconf 91' lang='lat' dir='ltr'>lm-</span> 
     </span>
     <span class='ocr_line' id='line_1_35' title="bbox 163 4013 1447 4103; baseline 0.002 -25"><span class='ocrx_word' id='word_1_310' title='bbox 163 4013 164 4016; x_wconf 71' lang='grc'>’</span> <span class='ocrx_word' id='word_1_311' title='bbox 229 4016 322 4079; x_wconf 90' lang='lat' dir='ltr'>brum</span> <span class='ocrx_word' id='word_1_312' title='bbox 347 4034 461 4080; x_wconf 90' lang='lat' dir='ltr'>versus</span> <span class='ocrx_word' id='word_1_313' title='bbox 485 4014 572 4097; x_wconf 81' lang='lat' dir='ltr'>fugit,</span> <span class='ocrx_word' id='word_1_314' title='bbox 599 4017 722 4080; x_wconf 89' lang='lat' dir='ltr'>dictum</span> <span class='ocrx_word' id='word_1_315' title='bbox 746 4023 806 4080; x_wconf 89' lang='lat' dir='ltr'>est.</span> <span class='ocrx_word' id='word_1_316' title='bbox 851 4015 1008 4101; x_wconf 74' lang='lat' dir='ltr'>[Gertzius</span> <span class='ocrx_word' id='word_1_317' title='bbox 1022 4015 1103 4098; x_wconf 81' lang='grc' dir='ltr'><strong><em>πρὸς</em></strong></span> <span class='ocrx_word' id='word_1_318' title='bbox 1117 4022 1152 4099; x_wconf 83' lang='grc' dir='ltr'>τῇ</span> <span class='ocrx_word' id='word_1_319' title='bbox 1166 4017 1286 4100; x_wconf 85' lang='grc' dir='ltr'><strong><em>ἠπείρῳ</em></strong></span> <span class='ocrx_word' id='word_1_320' title='bbox 1301 4016 1447 4103; x_wconf 83' lang='lat' dir='ltr'>conicit]</span> 
     </span>
     <span class='ocr_line' id='line_1_36' title="bbox 321 4122 1448 4206; baseline 0.002 -20"><span class='ocrx_word' id='word_1_321' title='bbox 321 4122 404 4196; x_wconf 85' lang='lat'><strong>103,</strong></span> <span class='ocrx_word' id='word_1_322' title='bbox 437 4122 456 4186; x_wconf 93' lang='grc'>2</span> <span class='ocrx_word' id='word_1_323' title='bbox 489 4123 523 4185; x_wconf 94' lang='lat' dir='ltr'>in</span> <span class='ocrx_word' id='word_1_324' title='bbox 556 4123 660 4188; x_wconf 88' lang='lat' dir='ltr'>Vatic.</span> <span class='ocrx_word' id='word_1_325' title='bbox 695 4124 788 4186; x_wconf 75' lang='grc' dir='ltr'><strong><em>πένθ’</em></strong></span> <span class='ocrx_word' id='word_1_326' title='bbox 823 4124 944 4206; x_wconf 81' lang='grc' dir='ltr'><strong><em>ἡμέρας</em></strong></span> <span class='ocrx_word' id='word_1_327' title='bbox 976 4123 1142 4198; x_wconf 89' lang='lat' dir='ltr'>scribitur;</span> <span class='ocrx_word' id='word_1_328' title='bbox 1178 4123 1235 4186; x_wconf 88' lang='lat' dir='ltr'>sed</span> <span class='ocrx_word' id='word_1_329' title='bbox 1270 4124 1335 4200; x_wconf 88' lang='lat' dir='ltr'>Vll,</span> <span class='ocrx_word' id='word_1_330' title='bbox 1368 4123 1399 4200; x_wconf 91' lang='lat'>3,</span> <span class='ocrx_word' id='word_1_331' title='bbox 1432 4125 1448 4188; x_wconf 92' lang='lat'>1</span> 
     </span>
     <span class='ocr_line' id='line_1_37' title="bbox 229 4228 1448 4312; baseline 0.001 -20"><span class='ocrx_word' id='word_1_332' title='bbox 229 4230 319 4294; x_wconf 93' lang='lat' dir='ltr'>nullo</span> <span class='ocrx_word' id='word_1_333' title='bbox 343 4230 529 4294; x_wconf 90' lang='lat' dir='ltr'>discrimine</span> <span class='ocrx_word' id='word_1_334' title='bbox 554 4231 649 4294; x_wconf 86' lang='lat' dir='ltr'>codd.</span> <span class='ocrx_word' id='word_1_335' title='bbox 675 4232 764 4294; x_wconf 86' lang='grc' dir='ltr'><strong><em>πέντε</em></strong></span> <span class='ocrx_word' id='word_1_336' title='bbox 786 4231 916 4312; x_wconf 82' lang='grc' dir='ltr'><strong><em>ἡμερῶν</em></strong></span> <span class='ocrx_word' id='word_1_337' title='bbox 939 4229 1103 4305; x_wconf 88' lang='lat' dir='ltr'>exhibent,</span> <span class='ocrx_word' id='word_1_338' title='bbox 1130 4228 1171 4293; x_wconf 87' lang='lat' dir='ltr'>cf.</span> <span class='ocrx_word' id='word_1_339' title='bbox 1198 4229 1313 4294; x_wconf 87' lang='lat' dir='ltr'>Stahlii</span> <span class='ocrx_word' id='word_1_340' title='bbox 1336 4230 1448 4294; x_wconf 87' lang='lat' dir='ltr'>adnot.</span> 
     </span>
     <span class='ocr_line' id='line_1_38' title="bbox 230 4335 1390 4417; baseline -0.001 -17"><span class='ocrx_word' id='word_1_341' title='bbox 230 4339 300 4400; x_wconf 88' lang='lat' dir='ltr'>crit.</span> <span class='ocrx_word' id='word_1_342' title='bbox 327 4337 368 4401; x_wconf 89' lang='lat' dir='ltr'>ad</span> <span class='ocrx_word' id='word_1_343' title='bbox 395 4336 459 4412; x_wconf 83' lang='lat' dir='ltr'>vll,</span> <span class='ocrx_word' id='word_1_344' title='bbox 485 4335 539 4410; x_wconf 79' lang='lat'>43,</span> <span class='ocrx_word' id='word_1_345' title='bbox 566 4337 597 4414; x_wconf 92' lang='grc'>2,</span> <span class='ocrx_word' id='word_1_346' title='bbox 623 4337 679 4400; x_wconf 91' lang='lat' dir='ltr'>ubi</span> <span class='ocrx_word' id='word_1_347' title='bbox 702 4338 736 4400; x_wconf 94' lang='lat' dir='ltr'>in</span> <span class='ocrx_word' id='word_1_348' title='bbox 762 4337 856 4400; x_wconf 88' lang='lat' dir='ltr'>Laur.</span> <span class='ocrx_word' id='word_1_349' title='bbox 884 4354 1016 4417; x_wconf 88' lang='lat' dir='ltr'>quoque</span> <span class='ocrx_word' id='word_1_350' title='bbox 1039 4337 1128 4399; x_wconf 82' lang='grc' dir='ltr'><strong><em>πέντε</em></strong></span> <span class='ocrx_word' id='word_1_351' title='bbox 1151 4337 1306 4416; x_wconf 88' lang='lat' dir='ltr'>scriptum</span> <span class='ocrx_word' id='word_1_352' title='bbox 1331 4343 1390 4401; x_wconf 87' lang='lat' dir='ltr'>cst.</span> 
     </span>
     <span class='ocr_line' id='line_1_39' title="bbox 322 4443 1450 4526; baseline 0.001 -18"><span class='ocrx_word' id='word_1_353' title='bbox 322 4443 404 4524; x_wconf 83' lang='lat'>104,</span> <span class='ocrx_word' id='word_1_354' title='bbox 420 4444 439 4508; x_wconf 95' lang='grc'>2</span> <span class='ocrx_word' id='word_1_355' title='bbox 455 4445 488 4508; x_wconf 91' lang='lat' dir='ltr'>in</span> <span class='ocrx_word' id='word_1_356' title='bbox 505 4446 599 4508; x_wconf 80' lang='lat' dir='ltr'>baur.</span> <span class='ocrx_word' id='word_1_357' title='bbox 625 4444 778 4508; x_wconf 87' lang='lat' dir='ltr'>scribitur</span> <span class='ocrx_word' id='word_1_358' title='bbox 801 4445 1006 4526; x_wconf 83' lang='grc' dir='ltr'><strong><em>παρέτειναν,</em></strong></span> <span class='ocrx_word' id='word_1_359' title='bbox 1031 4443 1119 4524; x_wconf 91' lang='lat' dir='ltr'>quod</span> <span class='ocrx_word' id='word_1_360' title='bbox 1138 4450 1266 4525; x_wconf 85' lang='lat' dir='ltr'>tempus</span> <span class='ocrx_word' id='word_1_361' title='bbox 1285 4443 1326 4509; x_wconf 87' lang='lat' dir='ltr'>dc</span> <span class='ocrx_word' id='word_1_362' title='bbox 1345 4445 1450 4509; x_wconf 84' lang='lat' dir='ltr'>aciem</span> 
     </span>
     <span class='ocr_line' id='line_1_40' title="bbox 229 4548 1452 4632; baseline 0.002 -18"><span class='ocrx_word' id='word_1_363' title='bbox 229 4551 468 4630; x_wconf 86' lang='lat' dir='ltr'>explicantibus</span> <span class='ocrx_word' id='word_1_364' title='bbox 505 4569 572 4615; x_wconf 91' lang='lat' dir='ltr'>non</span> <span class='ocrx_word' id='word_1_365' title='bbox 609 4553 717 4615; x_wconf 91' lang='lat' dir='ltr'>minus</span> <span class='ocrx_word' id='word_1_366' title='bbox 755 4559 866 4632; x_wconf 90' lang='lat' dir='ltr'>aptum</span> <span class='ocrx_word' id='word_1_367' title='bbox 904 4557 967 4624; x_wconf 90' lang='lat' dir='ltr'>est;</span> <span class='ocrx_word' id='word_1_368' title='bbox 1007 4548 1048 4614; x_wconf 85' lang='lat' dir='ltr'>of.</span> <span class='ocrx_word' id='word_1_369' title='bbox 1083 4549 1184 4616; x_wconf 87' lang='lat' dir='ltr'>verba</span> <span class='ocrx_word' id='word_1_370' title='bbox 1221 4551 1452 4631; x_wconf 88' lang='lat' dir='ltr'>praecedentia</span> 
     </span>
    </p>
   </div>
   <div class='ocr_carea' id='block_1_4' title="bbox 0 0 1644 5052">
    <p class='ocr_par' dir='ltr' id='par_1_5' title="bbox 0 0 1644 5052">
     <span class='ocr_line' id='line_1_41' title="bbox 0 0 1644 5052; baseline 0 0"><span class='ocrx_word' id='word_1_371' title='bbox 0 0 1644 5052; x_wconf 95' lang='lat' dir='ltr'> </span> 
     </span>
    </p>
   </div>
  </div>
 </body>
</html>
