3244 5060
852 329 895 394 58

262 507 414 572 scribitur
443 509 538 590 ἥκειν.
585 508 621 570 ln
647 507 713 572 fine
738 507 853 588 capitis
877 508 980 573 Vetic.
1007 508 1097 572 solus
1121 509 1321 590 ξυνεπολέμει
1344 508 1488 584 exhibet,

262 615 351 694 quod
379 633 456 678 cum
482 614 619 680 verbum
648 614 781 695 aliquod
810 615 845 678 in
875 615 1057 697 προθύμως
1088 621 1278 695 corruptum
1310 622 1399 680 esset
1433 616 1489 680 ad-

262 721 364 784 ditum
389 739 462 786 esse
486 721 650 801 suspiocr;
683 739 760 786 nam
788 739 922 801 prorsus
945 721 1075 786 insolite
1098 722 1191 786 advv.
1216 722 1491 804 καταφανέστερον

261 833 294 891 et
332 827 396 910 (od)
433 828 614 909 προθύμως
650 829 838 909 iunguntur.
895 827 1048 894 Fortasse
1085 827 1146 894 fuit
1181 827 1491 911 προθυμούμενος

262 931 455 1018 (προθυμοῖτο
484 932 604 1015 fingere
628 932 767 1020 vereor),
801 941 858 998 aut
886 935 1078 1000 coniectura
1101 935 1222 1000 Dukeri
1243 934 1416 1017 πρόθυμος
1438 953 1488 1000 re-

262 1039 412 1119 cipienda
435 1046 494 1104 est.
535 1039 687 1104 Ceterum
702 1041 806 1118 Valla,
834 1042 862 1105 si
885 1042 1017 1122 quidem
1041 1061 1117 1106 oum
1141 1059 1220 1106 cura
1242 1041 1338 1106 vertit
1362 1042 1488 1124 (quum

261 1148 298 1210 ut
320 1143 515 1224 occultaret,
543 1164 581 1212 se
608 1165 678 1212 non
706 1143 852 1212 libenter
875 1144 941 1212 tttts
964 1145 1067 1212 sociis
1087 1165 1213 1232 perere
1237 1143 1387 1228 bedam),
1419 1166 1488 1211 non

261 1253 468 1335 ξννεπολέμει,
493 1255 550 1318 sed
575 1255 788 1336 ξομπολεμῶν
811 1255 927 1336 legisse
950 1255 1087 1320 videtur.
1151 1341 1152 1345 Ἰ

351 1357 412 1440 47,
436 1360 456 1423 2
480 1360 513 1423 in
537 1361 641 1424 Vatic.
668 1379 727 1441 pro
750 1363 1018 1445 προσπέμψαντος
1041 1362 1193 1426 scribitur
1206 1361 1486 1443 προπέμψαντος,

260 1467 349 1546 quod
372 1484 440 1530 non
463 1472 617 1547 praestat,
644 1485 719 1530 cum
739 1467 943 1532 Alcibiadem
967 1470 1073 1533 antee
1091 1469 1218 1533 misisse
1237 1467 1358 1532 aoristo
1377 1467 1486 1547 posito

259 1573 339 1636 satis
368 1571 585 1653 significatum
614 1574 664 1648 sit,
700 1571 741 1637 cl.
768 1574 835 1649 Vll,
862 1574 892 1650 3,
921 1575 950 1638 1.
976 1573 1130 1639 —Infra
1157 1574 1346 1640 reflexivum
1373 1574 1487 1637 ἑαυτὸν

261 1679 464 1762 (ἐκβαλούση)
498 1687 534 1743 ut
565 1681 695 1760 gravius
728 1687 817 1746 recte
849 1682 1000 1762 praetulit
1034 1681 1193 1754 Stahlius;
1228 1683 1262 1744 iu
1294 1680 1399 1745 Vatic.
1436 1688 1487 1745 est

262 1784 364 1848 αὐτὸν.

349 1889 410 1972 48,
436 1892 452 1955 1
478 1892 584 1956 Vatic.
616 1893 706 1956 solus
734 1899 808 1973 post
831 1895 959 1976 ὕστερον
983 1895 1115 1960 exhibet
1137 1895 1224 1978 ἦλθε,
1255 1894 1344 1974 quod
1368 1911 1388 1956 a
1412 1911 1483 1958 cor-

257 2005 384 2063 rectore
409 2017 484 2062 cum
508 1999 644 2062 verbum
667 2000 799 2083 ἐκινήθη
824 2000 972 2082 (motum
996 2003 1061 2084 est)
1084 2020 1143 2082 per
1160 2019 1297 2082 zeugma
1315 2001 1483 2080 quoddam

258 2106 299 2168 ad
325 2105 425 2170 verba
447 2106 480 2176 ές
501 2105 557 2188 τὴν
574 2105 663 2169 πόλιν
682 2125 814 2188 quoque
834 2109 996 2187 pertinere
1016 2127 1083 2172 non
1101 2108 1315 2172 intellexisset
1334 2107 1483 2170 additum

257 2231 330 2276 esse
354 2213 422 2277 veri
446 2213 646 2276 simillimum
670 2219 729 2278 est.
779 2211 827 2278 Cf.
854 2234 883 2279 c.
912 2215 985 2294 100,
1012 2215 1048 2279 2:
1074 2217 1102 2278 εἰ
1122 2216 1184 2296 ἄρα·
1207 2238 1270 2277 ποι
1293 2219 1427 2278 κινοῖντο
1451 2217 1485 2277 αῖ

256 2325 336 2401 νῆες.
382 2317 468 2384 Infra
500 2319 613 2398 partic.
649 2321 711 2393 καὶ,
745 2339 844 2401 quam
876 2327 952 2386 ante
977 2321 1209 2404 Τισσαφέρνους
1236 2321 1351 2385 omnes
1381 2322 1479 2385 codd.

257 2431 385 2503 praeter
403 2426 507 2489 Vatic.
535 2427 669 2502 addunt,
695 2427 889 2492 insolentius
914 2428 1076 2492 collocate
1100 2433 1149 2492 est
1174 2424 1370 2512 (debuerunt
1393 2429 1480 2491 enim

257 2531 304 2594 sic
333 2530 433 2595 verba
456 2533 549 2611 poni:
579 2539 706 2615 πρῶτον
728 2533 787 2616 μέν
810 2535 863 2597 καὶ
888 2534 1026 2618 Tuccam,
1055 2532 1095 2598 cf.
1121 2535 1175 2610 47,
1202 2534 1238 2597 2:
1268 2533 1304 2597 τὰ
1331 2534 1390 2616 μὲν
1418 2536 1482 2596 καὶ

251 2637 365 2720 Ἂλιιιβ.
389 2638 451 2701 κτλ.
475 2644 508 2702 et
531 2638 648 2718 Krueg.
675 2640 718 2702 ad
741 2641 808 2716 Vll,
837 2640 887 2716 12,
917 2637 958 2725 1),
989 2648 1024 2704 ut
1051 2641 1105 2704 vix
1132 2641 1264 2706 retineri
1297 2641 1409 2721 possit.
1446 2679 1482 2686 -

257 2743 425 2824 Scriptura
447 2744 551 2808 Vatic.
583 2745 790 2811 δυνατώτατοι
817 2746 925 2810 verbis
959 2765 1043 2828 quae
1072 2753 1269 2828 sequuntur:
1305 2748 1393 2828 οἵπερ
1426 2749 1481 2810 καὶ

254 2852 522 2943 ταλαιπωροῦντα
553 2851 693 2933 μάλιστα,
727 2871 812 2932 quae
844 2853 879 2914 in
912 2855 1084 2933 optimates
1117 2873 1242 2929 omnes
1278 2873 1346 2918 non
1370 2853 1479 2917 solum

255 2959 544 3022 invalidissimum
564 2975 727 3039 quemque
749 2960 880 3034 cadunt,
908 2960 986 3024 satis
1009 2960 1222 3041 redarguitur,
1250 2959 1290 3025 cf.
1313 2961 1354 3024 ad
1375 2979 1403 3024 c.
1422 2961 1476 3024 21.

255 3101 298 3110 -
322 3065 358 3128 ln
380 3063 403 3150 ξ
426 3065 446 3130 3
470 3083 580 3146 praep.
601 3064 702 3154 Ιπαραὶ,
730 3084 829 3146 quam
853 3066 957 3130 Vatia.
985 3066 1075 3131 solus
1099 3074 1174 3133 ante
1197 3068 1352 3150 βασιλέως
1374 3068 1476 3142 addit,

132 3188 136 3196 ⁴
253 3172 345 3234 inviti
378 3190 543 3244 caremus;
579 3173 672 3236 cuius
705 3178 816 3237 tamen
848 3173 1019 3237 addendae
1048 3191 1149 3238 causa
1178 3175 1353 3238 concursio
1381 3193 1478 3254 gene-

253 3279 394 3342 tivorum
417 3278 619 3342 submoleste
642 3298 715 3344 esse
739 3285 875 3360 poterat,
902 3299 964 3344 nec
989 3299 1054 3362 quo
1079 3281 1177 3347 modo
1201 3281 1396 3346 intercidere
1421 3301 1476 3362 po-

252 3387 351 3450 tuerit
382 3384 477 3450 facile
510 3386 714 3466 intellegitur.
744 3423 788 3432 --
821 3387 924 3451 Vatio.
960 3388 1046 3452 male
1078 3389 1292 3470 ἐκοινώνησαν
1324 3389 1474 3468 praehet;

254 3492 287 3554 in
320 3491 438 3556 eodem
469 3492 510 3555 τὰ
543 3492 606 3555 ἀπὸ
637 3499 692 3556 τοῦ
717 3494 831 3576 illaad.
860 3494 1021 3568 scribitur,
1056 3500 1092 3558 ut
1124 3495 1195 3558 sine
1227 3495 1347 3559 idonea
1373 3513 1477 3560 causa

255 3595 407 3681 (ἐφαίνετο
440 3600 527 3663 enim
561 3600 649 3679 quod
682 3601 828 3681 sequitur
859 3601 1120 3680 impersonaliter
1151 3601 1292 3680 positum
1321 3620 1394 3666 esse
1419 3623 1474 3683 po·

251 3709 314 3768 test
350 3703 400 3789 [cf.
428 3707 466 3783 V,
499 3707 550 3783 14,
581 3701 627 3791 dl)
661 3705 849 3771 Classenius
882 3707 1019 3786 scripsit.
1073 3707 1176 3772 Aliter
1208 3705 1230 3793 ξ
1264 3709 1282 3770 7
1314 3713 1378 3772 τῶν
1411 3710 1475 3774 ἀπὸ

247 3810 289 3872 Ἄ.
309 3847 352 3856 -
371 3815 602 3896 πρασσομένων
625 3813 747 3877 dictum
772 3819 831 3877 est.
854 3849 896 3858 -
915 3811 938 3897 ξ
956 3813 977 3876 4
998 3813 1093 3876 codd.
1116 3811 1182 3878 fere
1207 3832 1322 3878 omnes
1345 3823 1475 3895 praeter

251 3916 356 3980 Vatic.
383 3923 458 3982 ante
482 3919 575 3983 οὐδὲν
597 3921 716 4002 μᾶλλον
740 3920 851 4000 partic.
873 3919 927 3982 καὶ
949 3921 1108 3996 inserunt,
1135 3939 1219 4000 quae
1239 3919 1376 3986 fortasse
1396 3931 1473 3988 ante

252 4023 465 4107 δημοκρατίας
496 4027 741 4106 transponenda
769 4032 828 4106 est,
863 4024 904 4090 cf.
931 4027 972 4090 ad
997 4026 1063 4102 Vll,
1090 4027 1142 4104 69,
1169 4027 1200 4092 3.
1250 4029 1355 4092 Vatic.
1382 4031 1473 4094 solus

252 4131 322 4194 οὐδ’
359 4131 446 4214 (ἄλλο
477 4132 516 4216 τι)
550 4134 685 4212 praebet
718 4131 805 4218 (cett.
835 4129 879 4218 ἢ),
915 4135 1004 4214 quod
1036 4153 1112 4198 cum
1139 4135 1173 4197 in
1201 4137 1220 4216 ἢ
1248 4136 1386 4200 transire
1418 4139 1473 4201 vix

250 4239 391 4317 potuerit
421 4239 496 4302 ideo
529 4239 740 4303 substitutum
772 4257 845 4304 esse
877 4241 1071 4320 putaverim,
1112 4242 1189 4321 quia
1221 4242 1349 4322 negatio
1382 4252 1471 4309 ante-

250 4345 358 4424 posita
383 4344 498 4427 (οὐὸέν
520 4345 662 4429 μᾶλλον),
686 4365 754 4410 non
777 4346 818 4410 ad
842 4347 944 4410 ἐδόκει
967 4348 1071 4412 relata
1093 4353 1157 4420 est;
1184 4348 1241 4411 sed
1266 4347 1306 4412 of.
1329 4349 1367 4426 V,
1395 4351 1468 4428 105,

252 4451 285 4514 l:
318 4452 411 4516 οὐδὲν
438 4452 498 4534 γὰρ
525 4487 563 4498 -
589 4453 771 4535 δικαιοῦμεν
798 4455 817 4535 ἢ
845 4455 1102 4536 dedecorosa-
1127 4452 1294 4534 Scriptura
1316 4463 1349 4520 et
1372 4457 1468 4522 Laur.

249 4563 281 4622 et
304 4558 408 4622 Vatio.
443 4561 558 4641 ἑτέρων
592 4556 688 4643 (vulg.
720 4557 874 4645 trutger),
910 4578 985 4624 eum
1019 4560 1097 4624 illud
1130 4560 1236 4640 ipsum
1265 4562 1471 4644 Phrynichus
