3244 5060
846 289 867 352 4

246 464 440 545 explicanda
468 473 527 530 est.
576 466 814 530 Laurentianus
842 467 947 546 igitur,
979 483 1169 547 quanquam
1197 465 1325 528 incuria
1347 464 1474 528 librari-

220 564 338 636 ·'orum
363 573 525 636 interdum
550 573 635 636 vitiis
658 572 867 652 gravissimis,
894 571 1127 636 omissIonibus
1151 572 1301 646 maxime,
1331 569 1475 635 infectus

246 685 308 754 est,
332 679 418 742 haud
443 680 489 742 ita
511 680 625 758 paucis
649 679 731 743 locis
751 698 818 743 una
837 699 913 743 cum
929 679 1032 743 Vatic.
1055 679 1127 743 solo
1146 697 1258 742 veram
1277 679 1475 758 scripturam

245 785 389 866 praebet,
417 803 479 849 neo
502 785 621 850 desunt
644 785 718 860 loci,
745 785 802 849 ubi
825 786 912 850 idem
936 785 1036 861 solus,
1064 804 1141 849 cnm
1164 786 1344 865 scripturae
1364 785 1471 849 Vatic.

246 897 279 956 et
302 897 486 956 ceterorum
509 892 604 956 codd.
631 893 716 956 inter
738 912 774 958 se
798 894 993 973 discrepent,
1021 911 1135 956 verum
1159 892 1321 967 exhibeat,
1353 891 1475 972 quibus

245 998 344 1062 rebus
373 1017 448 1063 enm
478 996 619 1063 familiae
644 1018 723 1064 suae
747 1001 906 1080 optimum
929 1017 1002 1064 esse
1027 997 1123 1064 facile
1149 1004 1315 1079 appareat.
1364 997 1475 1084 Multis

246 1111 356 1169 tamen
376 1105 522 1184 partibus
541 1106 650 1186 plures
670 1107 699 1170 ei
718 1107 782 1170 loci
802 1112 887 1185 sunt,
915 1106 1034 1187 quibus
1053 1107 1087 1169 in
1107 1124 1272 1170 consensu
1287 1111 1475 1169 ceterorum

246 1211 342 1274 codd.
373 1229 473 1291 prava
501 1212 726 1293 praebentium
747 1214 846 1277 Laur.
878 1213 968 1277 solus
986 1213 1047 1277 ,vel
1072 1231 1148 1276 cum
1172 1212 1362 1276 Monacensi
1386 1211 1471 1286 solo,

246 1318 340 1381 cuius
364 1323 399 1380 ut
422 1319 612 1383 recentioris
638 1320 744 1383 minor
767 1319 945 1384 auctoritas
964 1325 1024 1396 est,
1051 1319 1155 1382 rarius
1177 1319 1474 1408 cukaondinensi

245 1443 356 1490 veram
385 1426 578 1505 scripturam
611 1427 775 1501 continet;
808 1426 897 1490 velut
925 1427 1116 1506 saepissime
1139 1425 1355 1506 glossematis
1387 1442 1474 1504 quae

246 1532 280 1593 in
304 1529 456 1595 omnibus
480 1532 597 1596 ceteris
628 1533 673 1595 ita
700 1533 734 1594 in
762 1532 863 1596 verba
891 1533 1056 1612 scriptoris
1084 1533 1285 1612 irrepserunt
1312 1536 1348 1595 ut
1374 1531 1474 1594 hodie

246 1638 373 1702 secerni
399 1638 453 1700 vix
477 1639 613 1717 possint,
649 1645 748 1703 caret.
797 1639 909 1718 Itaque
933 1645 968 1702 ut
992 1640 1204 1720 gravissimus
1227 1639 1320 1702 testis
1344 1655 1475 1701 summa

248 1763 323 1807 eum
351 1743 517 1825 diligentia
539 1745 744 1809 adhibendus
767 1751 826 1809 est.

336 1851 402 1914 Iam
441 1870 516 1915 eum
553 1869 652 1931 quam
689 1851 787 1916 fidem
823 1854 1009 1917 recensioni
1043 1853 1192 1917 Vaticani
1230 1851 1343 1915 haberi
1375 1851 1473 1916 liceat

248 1957 513 2036 disceptabimus
549 1958 634 2022 duae
666 1977 719 2022 res
751 1959 785 2021 in
817 1959 930 2039 primis
959 1959 1206 2040 investigandae
1234 1964 1320 2026 suut,
1356 1976 1469 2032 unum,

248 2063 378 2143 qualem
398 2063 516 2127 librum
536 2065 764 2160 diasceuastes
779 2084 838 2145 pro
858 2063 1072 2130 fundamento
1092 2065 1294 2130 recensionis
1308 2063 1470 2138 habuerit,

247 2171 395 2246 alterum,
431 2176 555 2250 quanta
586 2171 758 2251 qualisque
790 2173 940 2236 recensio
974 2173 1045 2252 ipsa
1078 2169 1182 2246 fuerit,
1219 2189 1303 2251 quae
1335 2170 1400 2234 duo
1428 2170 1473 2233 ita

246 2277 331 2340 inter
349 2294 384 2340 se
404 2295 555 2342 connexa
574 2285 659 2353 sunt.
682 2285 718 2342 ut
732 2279 804 2358 aliis
819 2279 900 2343 locis
915 2285 1024 2343 utrum
1039 2279 1262 2342 diasceuastes
1278 2278 1472 2356 scripturam

138 2389 148 2408 ‘
248 2401 360 2446 veram
398 2384 431 2446 in
469 2385 646 2464 exemplari
684 2403 744 2448 suo
781 2386 943 2450 invenerit
980 2405 1022 2449 an
1056 2385 1262 2449 emendando
1295 2384 1474 2448 restituerit

249 2489 419 2552 diiudicari
444 2491 496 2552 vix
521 2492 634 2570 possit,
661 2491 733 2556 aliis
757 2511 835 2556 vero
859 2497 967 2556 utrum
991 2491 1093 2556 errori
1112 2510 1155 2555 an
1174 2498 1382 2556 correcturae
1402 2509 1472 2570 per-

169 2683 173 2690 .
247 2615 362 2660 versae
390 2597 551 2676 scriptura
578 2598 720 2662 deterior
746 2598 920 2662 tribuenda
947 2600 988 2662 sit
1017 2598 1158 2662 dubitari
1186 2598 1298 2674 liceat;
1333 2615 1395 2660 nec
1419 2615 1473 2661 me

247 2703 354 2783 ipsum
385 2703 465 2776 locis
493 2703 690 2784 quibusdam
721 2708 755 2768 in
789 2706 1009 2784 suspectando
1042 2705 1140 2785 paulo
1174 2705 1301 2786 longius
1334 2702 1474 2768 fortasse
1575 2718 1579 2725 '

249 2828 348 2890 quam
371 2809 540 2874 debuerim
563 2829 770 2891 progressum
796 2830 868 2876 esse
892 2812 1012 2875 infitias
1031 2830 1082 2876 eo.
1122 2810 1170 2876 Ac
1190 2819 1301 2875 tamen
1320 2811 1474 2875 universe

248 2922 372 2981 certum
410 2917 564 2997 quiddam
602 2919 700 2981 statui
737 2923 853 2997 potest.
910 2907 992 2981 Nam
1031 2923 1259 2998 praeterquam
1293 2917 1396 2998 quod,
1437 2923 1474 2980 ut

248 3023 370 3086 dudum
404 3023 479 3100 dixi,
515 3024 602 3087 haud
634 3025 679 3088 ita
710 3043 785 3088 raro
813 3025 908 3088 Laur.
939 3031 972 3089 et
1002 3025 1104 3090 Vatic.
1136 3025 1197 3089 soli
1227 3025 1473 3088 consentientes

249 3148 360 3194 veram
390 3119 587 3210 'scripturam
619 3131 787 3210 praebent,
822 3131 887 3195 loci
920 3132 999 3195 satis
1033 3131 1125 3195 multi
1158 3137 1244 3208 sunt,
1279 3131 1336 3194 ubi
1364 3131 1470 3195 Vatic.

250 3237 395 3299 omnium
424 3236 515 3299 solus
543 3237 589 3299 ita
615 3255 729 3300 verum
758 3239 946 3314 servaverit,
981 3245 1016 3302 ut
1045 3257 1111 3302 non
1140 3238 1181 3301 ad
1209 3238 1473 3302 emendationem

247 3344 461 3424 ingeniosam,
486 3343 543 3406 sed
563 3342 604 3406 ad
625 3344 793 3408 meliorem
812 3345 977 3424 quendam
992 3341 1113 3408 fontem
1129 3344 1161 3406 id
1176 3341 1383 3408 referendum
1399 3362 1474 3408 esse

249 3453 413 3538 appareat.
454 3448 519 3512 Sed
543 3450 685 3512 accessit
708 3451 867 3521 recensio,
895 3469 994 3530 quam
1018 3452 1098 3514 siin
1118 3450 1246 3515 mendis
1265 3450 1473 3514 removendis

249 3562 281 3620 et
308 3555 513 3635 glossematis
541 3555 736 3636 quibusdam
765 3557 800 3619 in
824 3562 1013 3621 contextum
1037 3557 1233 3636 recipiendis
1256 3563 1382 3621 tantum
1407 3557 1472 3620 dia·

249 3667 417 3725 seeuastes
446 3661 655 3737 exercuisset,
687 3663 840 3726 minImus
869 3662 962 3726 labor
991 3665 1174 3743 spuriorum
1198 3663 1472 3728 removendorum

250 3767 345 3832 nobis
377 3774 528 3843 restaret;
564 3775 596 3830 at
629 3767 752 3831 nnllam
785 3767 851 3834 fere
883 3769 1044 3834 ratlenem
1071 3771 1247 3835 verborum
1275 3769 1473 3850 Thucydidis

249 3873 536 3938 deformandorum
569 3875 784 3954 praetermisit
816 3876 880 3951 ille,
916 3895 1014 3958 quem
1042 3877 1275 3942 omissionibus
1303 3875 1471 3940 additioni-

250 3981 388 4062 busque,
415 3981 611 4044 correcturis
635 3987 668 4045 et
690 3983 983 4072 permutationibus
1006 4003 1137 4058 vocum,
1164 3982 1473 4064 transpositionibus

249 4088 391 4168 deniqne
423 4088 598 4152 verborum
631 4093 812 4168 grassatum
841 4107 914 4153 esse
942 4091 1101 4154 videmus.
1151 4093 1240 4154 llaec
1270 4107 1353 4169 quae
1378 4091 1473 4168 posui

249 4195 476 4276 disquisitione
509 4207 666 4275 perpetua
698 4200 872 4259 contextus
905 4196 1060 4260 librorum
1097 4197 1151 4261 VII
1184 4203 1216 4261 et
1249 4195 1333 4270 VIII,
1374 4214 1474 4276 quam

251 4302 386 4377 subieci,
413 4301 636 4366 demonstrata
660 4300 728 4364 lore
753 4319 859 4382 spero,
886 4304 980 4367 cuius
1004 4303 1090 4366 hano
1114 4303 1193 4366 mihi
1216 4302 1377 4366 rationem
1400 4321 1472 4384 pro-

249 4409 354 4488 posui,
389 4413 426 4471 ut
457 4407 619 4472 interdum
653 4408 806 4472 codicum
822 4409 929 4475 ¹Laur.
960 4415 994 4473 et
1020 4407 1125 4472 VatIc.
1156 4411 1250 4490 quasi
1282 4428 1472 4490 comparan-

249 4515 364 4579 dorum
388 4532 489 4579 causa
513 4515 691 4594 scripturas
714 4516 766 4580 vel
790 4535 888 4581 sanas
911 4515 964 4580 vel
988 4514 1132 4592 vitiosas,
1159 4517 1199 4579 iis
1218 4516 1359 4580 maxime
1379 4516 1472 4592 locis,
