3262 5052
821 345 884 410 138

240 525 342 590 verbo
374 525 514 606 κατέχειν
545 523 736 606 (premere)
774 523 904 586 additus
941 529 1000 597 est,
1041 528 1153 586 noster
1184 521 1238 584 vix
1271 519 1467 586 defenditur,

242 631 377 696 Suidam
401 632 466 694 iam
491 630 601 694 locum
626 634 817 709 corruptum
840 629 957 709 legisse
981 630 1115 692 adnotat
1140 627 1295 693 Stahlius.

331 736 391 811 94,
418 737 446 800 1.
473 739 525 800 ἅτε
547 741 755 818 πανστρατιᾶς
779 736 879 808 ξένων
900 740 964 798 τῶν
986 736 1153 816 παρόντων
1176 735 1230 797 καὶ
1253 736 1357 798 ἀστῶν
1379 757 1470 815 γενο-

239 844 353 928 μένης]
381 861 481 923 supra
505 840 545 928 (c.
573 843 626 918 90,
655 839 686 927 1)
712 841 926 922 Hippocrates
945 841 1134 924 Ἀθηναίους
1159 841 1326 924 πανδημεὶ,
1354 839 1471 910 αὐτοὺς

240 950 294 1014 καλ
320 949 393 1020 τοὺς
418 950 584 1032 μετοίκους
611 948 665 1012 καὶ
692 949 794 1021 ξένων
816 948 885 1011 ὅσοι
906 954 1061 1030 παρῆσαν,
1094 947 1246 1012 eduxisse
1270 947 1397 1019 dicitur,
1433 953 1471 1010 ut

240 1057 321 1120 mire
344 1055 408 1119 hoc
432 1055 508 1118 loco
531 1055 719 1135 inquilinos,
751 1055 807 1135 qui
831 1059 919 1118 certe
943 1071 1080 1117 numero
1104 1053 1342 1134 multoplures
1366 1071 1469 1133 quam

242 1163 298 1243 qui
321 1163 402 1234 ξένοι
425 1161 555 1241 proprie
579 1161 734 1224 dicuntur
757 1158 897 1235 fuerunt,
928 1159 1186 1239 praetermisisse
1209 1159 1359 1223 videatur
1382 1159 1469 1222 Thu-

241 1268 385 1350 cydides.
434 1267 519 1330 Nam
551 1273 586 1330 ut
619 1285 741 1330 nomen
774 1267 885 1339 ἀστῶν,
921 1283 986 1346 quo
1019 1265 1182 1328 vocabulo
1216 1284 1345 1346 semper
1377 1266 1470 1330 cives

241 1375 409 1455 inquilinis
433 1375 559 1456 (ξένοις)
582 1378 793 1453 opponuntur
818 1369 870 1456 (cf.
897 1372 934 1444 ll,
961 1371 1014 1446 34,
1040 1373 1076 1444 4;
1108 1372 1160 1444 Vl,
1188 1372 1240 1447 27,
1268 1372 1303 1446 2;
1334 1371 1389 1447 30,
1416 1369 1462 1456 2),

240 1487 273 1545 et
305 1481 394 1544 cives
427 1485 460 1544 et
491 1479 669 1560 inquilinos
702 1477 968 1558 comprehendat,
1003 1477 1036 1540 id
1069 1478 1157 1557 quod
1182 1477 1370 1542 Classenius
1399 1480 1469 1558 opi-

240 1593 346 1661 natur,
378 1586 430 1648 vix
458 1584 528 1648 lieri
555 1591 673 1664 potest.
722 1585 835 1664 ltaque
857 1583 958 1646 verba
980 1588 1053 1646 τῶν
1075 1584 1287 1665 παρόντων,
1316 1601 1402 1664 quae
1427 1603 1471 1648 ex

240 1712 268 1756 c.
294 1691 346 1767 90,
375 1692 391 1754 1
417 1691 586 1770 irrepsisse
609 1691 769 1765 videntur,
796 1690 935 1754 delenda
959 1695 1044 1764 sunt,
1071 1709 1147 1753 cum
1171 1690 1377 1772 Thucydides
1402 1691 1470 1754 hoc

239 1799 314 1862 loco
348 1798 536 1878 peregrinos
570 1797 624 1876 qui
659 1815 726 1860 non
761 1797 900 1861 metoeci
927 1803 1021 1860 erant
1045 1794 1368 1882 (avortihergehende
1392 1815 1468 1876 pas·

239 1902 391 1990 santen»)
430 1904 481 1967 vel
519 1904 668 1968 omittere
706 1903 757 1966 vel
796 1903 928 1968 nomine
960 1908 1023 1966 τῶν
1055 1904 1155 1976 ξένων
1187 1903 1470 1982 comprehendere

238 2011 334 2076 facile
361 2011 512 2091 potuerit.
570 2010 689 2074 Totum
717 2010 914 2074 versiculum
943 2015 1065 2074 temere
1094 2009 1260 2072 Herwerd.
1296 2010 1465 2088 expunxit.

329 2117 389 2194 96,
414 2116 453 2180 3:
480 2117 760 2200 ὑποχωρησάντων
792 2117 852 2198 γὰρ
884 2118 989 2186 αὐτοῖς
1014 2119 1078 2179 τῶν
1104 2116 1389 2197 παρατεταγμένων
1412 2118 1470 2178 καλ

239 2225 473 2288 κυκλωθέντων
492 2225 525 2286 έν
544 2225 648 2306 ὀλίγῳ,
673 2225 762 2306 οἵπερ
782 2224 1001 2306 διεφθάρησαν
1019 2221 1064 2294 Θ,
1088 2223 1122 2284 ἐν
1139 2247 1166 2303 χ.
1182 2223 1210 2284 ἀ.
1225 2221 1468 2305 κατεκόπησαν]

239 2332 400 2394 correctio
438 2331 593 2411 Kruegeri
636 2331 868 2400 κυκλωθέντες
908 2329 996 2392 haud
1038 2329 1136 2392 dubie
1176 2328 1364 2408 recipienda
1402 2335 1463 2392 est.

237 2438 352 2517 Neque
376 2438 463 2500 enim
487 2437 620 2517 particc.
642 2437 922 2519 ὑποχωρησάντων
945 2441 978 2499 et
1000 2435 1233 2498 κυκλωθέντων
1257 2435 1304 2498 sic
1325 2435 1410 2498 inter
1429 2453 1467 2500 se

237 2543 358 2624 diiungi
391 2541 486 2606 facile
519 2548 667 2622 possunt,
703 2548 738 2604 ut
771 2541 919 2605 subiecta
951 2541 1080 2606 diversa
1113 2542 1187 2616 sint,
1222 2559 1285 2606 nec
1313 2559 1392 2604 vero
1422 2543 1465 2604 ad

236 2655 318 2729 part.
344 2650 586 2723 κυκλωθέντων,
611 2649 699 2728 quod
723 2665 843 2711 omnes
858 2647 1075 2727 Thespienses
1096 2648 1333 2728 complectitur,
1360 2666 1465 2711 enun-

236 2757 352 2818 tiatum
380 2757 468 2838 οἵπερ
498 2756 718 2837 διεφθάρησαν
745 2753 781 2818 Θ.
805 2753 917 2818 referri
946 2753 1031 2817 licet.
1081 2753 1122 2816 At
1146 2755 1337 2834 saepissime
1362 2752 1466 2839 (velut

237 2881 265 2926 c.
283 2863 336 2938 41,
355 2861 386 2948 3)
408 2863 616 2944 Thucydides
639 2861 810 2940 participia
833 2861 1036 2924 diversorum
1056 2875 1193 2924 casuum
1212 2861 1326 2935 iunxit,
1354 2859 1464 2925 facile·

161 3044 162 3048 χ
237 2987 300 3049 que
329 2987 388 3032 cur
404 2969 644 3053 κυκλωθέντων
667 2966 789 3030 librarii
813 2966 1002 3046 scripserint
1025 2967 1222 3047 intellegitur
1247 2965 1299 3052 (cl.
1326 2969 1367 3030 ad
1392 2967 1461 3043 Vll,

236 3073 289 3151 50,
321 3071 365 3159 2).
414 3075 625 3138 Enunliatum
657 3073 829 3137 relativum
862 3073 1099 3138 restrictionem
1132 3074 1354 3137 necessariam
1386 3073 1462 3138 sub-

235 3181 311 3246 iecti
336 3181 502 3261 amplioris
526 3181 635 3256 habet,
667 3198 743 3243 cum
767 3179 984 3261 Thespienses
1008 3199 1075 3244 non
1099 3180 1243 3244 universi
1267 3180 1460 3257 occiderint,

236 3295 272 3350 ut
305 3288 393 3351 aliud
426 3287 562 3350 verbum
596 3283 837 3372 (διεστράφησαν
865 3288 951 3351 coni.
977 3284 1156 3371 Driessen.)
1187 3288 1300 3366 quaeri
1324 3305 1463 3353 necesse

236 3413 301 3457 non
328 3394 377 3456 sit.

326 3499 386 3576 98,
421 3501 436 3561 1
472 3504 553 3563 extr.
589 3499 780 3563 adverbium
812 3501 954 3582 μᾶλλον
986 3495 1141 3580 (melius)
1174 3517 1232 3578 per
1259 3499 1462 3564 lenissimam

234 3603 437 3686 pronominis
461 3610 544 3687 σφᾶς
566 3606 792 3671 traiectionem
818 3608 860 3671 ad
883 3607 1072 3688 ἀμύνωνται,
1097 3625 1164 3670 non
1183 3607 1225 3669 ad
1244 3608 1292 3668 ἵνα
1314 3603 1460 3690 (llrueg.)

234 3718 291 3775 aut
322 3713 508 3782 ἀδικοῦντας
538 3709 678 3797 (Clam),
714 3711 919 3778 referendum
952 3719 1012 3777 est.
1038 3749 1077 3759 -
1105 3710 1169 3797 §2
1203 3718 1292 3776 recte
1316 3711 1461 3777 Stahlius

233 3817 305 3901 πρὸ
332 3825 396 3882 τοῦ
426 3815 534 3902 (codd.
560 3820 641 3901 πρὸς
667 3827 738 3893 τοῖς,
766 3821 829 3882 nisi
857 3819 944 3900 quod
973 3820 1008 3882 in
1032 3821 1126 3882 Laur.
1152 3825 1225 3889 τοῦς
1248 3817 1347 3882 fuisse
1371 3821 1460 3885 vide-

233 3923 297 4010 tur)
322 3925 452 3988 εἰωθόσι
476 3926 614 4006 scripsit,
642 3928 699 3990 sed
724 3927 837 3990 dubito
862 3945 904 3989 an
927 3926 1063 3989 verbum
1088 3926 1242 3989 δύνωνται
1266 3926 1307 3988 ad
1330 3927 1460 4000 τούτων,

233 4039 268 4096 ut
300 4033 499 4114 θεραπεύειν
532 4034 692 4109 audiatur,
729 4051 796 4097 non
825 4033 866 4096 ad
894 4032 930 4094 τὰ
959 4032 1025 4114 ἱερὰ
1053 4030 1260 4096 referendum
1289 4033 1343 4105 sit;
1380 4034 1461 4097 nihil

233 4144 321 4203 certe
354 4139 428 4202 adv.
463 4139 510 4202 ἀεὶ
544 4140 728 4223 (γίγνεσθαι)
762 4139 908 4203 additum
936 4139 978 4202 ad
1006 4139 1142 4203 verbum
1172 4139 1299 4203 numeri
1323 4139 1459 4219 pluralis

233 4245 319 4325 apud
335 4245 519 4310 subiectum
534 4248 639 4312 neutri
653 4247 782 4328 generis
797 4247 941 4325 positum
956 4246 1181 4310 excusandum
1197 4243 1295 4309 eflicit
1312 4243 1456 4331 (class).

233 4389 275 4398 -
299 4352 334 4415 n
359 4351 381 4438 p
404 4353 425 4416 r
450 4353 539 4434 quod
563 4353 730 4417 scribitur:
762 4352 815 4416 και
838 4335 934 4426 σου,
962 4354 991 4416 ει
1010 4353 1069 4434 ,τυ
1092 4351 1141 4415 επ
1163 4353 1258 4415 τιατ
1282 4353 1459 4435 premnt

230 4463 285 4541 τῆς
307 4459 436 4524 ἐκείνων
458 4466 619 4542 κρατῆσαι,
642 4462 723 4523 τοῦτ’
749 4462 789 4522 ἂν
812 4461 904 4543 ἔχειν·
927 4465 983 4523 νῦν
1007 4460 1041 4522 δὲ
1064 4459 1135 4531 κτλ,
1160 4459 1327 4522 dubitatur
1348 4465 1457 4523 ulrum

232 4564 467 4648 δυνηθῆναι-
488 4567 527 4628 ἃν
550 4567 629 4647 ἔχειν
652 4566 694 4630 ad
718 4567 919 4649 ἐδυνήθησαν
934 4601 976 4612 -
991 4568 1030 4628 ἂν
1053 4565 1137 4647 εἶχον
1160 4581 1203 4628 an
1227 4565 1268 4628 ad
1294 4565 1459 4648 δυνηθεῖεν
