3244 5060
779 309 874 382 ,14

242 502 340 564 quarn
375 483 582 558 iumentern
617 486 728 548 venire
761 491 898 566 poterat,
934 502 1119 566 expungere
1147 486 1259 551 debuit
1282 486 1462 562 Herwerd‚,

243 588 284 652 ef.
312 591 334 664 Ι,
366 589 418 666 35,
451 589 485 666 3;
517 590 569 666 lV,
600 591 653 666 61,
687 591 721 667 7;
753 591 818 666 ΙΙΙΙ,
850 591 902 667 33,
929 592 949 656 3
975 590 1115 678 (Stahl).
1142 630 1185 638 —
1208 593 1244 656 ln
1266 590 1289 677 ξ
1312 592 1332 656 3
1358 593 1462 656 Vatic.

241 697 414 759 articulum
442 696 477 759 τὸ
504 704 580 761 ante
605 697 741 761 verbum
763 699 887 781 πλῆθος
910 699 1010 774 addit,
1042 706 1074 764 et
1101 701 1232 779 ponitur
1253 699 1308 764 ille
1332 699 1464 779 quidem

240 805 273 865 in
302 804 376 866 loco
406 803 493 866 haud
523 803 672 866 dissimili
701 805 737 876 ΙΙ,
765 805 817 880 89,
848 806 863 868 1
892 803 1037 891 (Stahl.);
1073 806 1130 870 sed
1155 804 1194 870 ef.
1222 806 1243 884 Ι,
1273 805 1345 882 110,
1372 805 1392 868 2
1419 803 1463 891 (1)

240 917 272 974 et
305 910 422 990 Krueg.
455 910 497 973 ad
528 912 558 973 lr.
589 911 609 973 l.
658 911 773 975 Paullo
806 910 891 975 infra
924 913 1018 976 Laur.
1054 913 1154 987 solue,
1190 919 1347 992 quantum
1380 914 1461 989 scin,

137 1069 140 1074 .
241 1017 435 1096 scripturam
462 1018 650 1099 χρήσασθαι
678 1019 828 1098 praebet;
858 1019 891 1081 in
916 1018 1019 1082 Vatic.
1047 1019 1176 1099 quidem
1201 1025 1249 1082 est
1272 1019 1463 1100 χρήσεσθαι.

241 1123 330 1186 ldem
354 1124 427 1186 cod.
455 1142 495 1187 ex
518 1124 785 1204 interpretatione
808 1125 853 1207 μὴ
879 1125 1038 1189 δυνατὸν
1061 1125 1136 1190 εἶναι
1159 1126 1300 1190 exhibet.

240 1343 385 1400 ναυτικοῦ
408 1337 612 1419 παρασκευὴν
635 1375 669 1382 —-
694 1335 790 1422 ἄξων)
816 1339 850 1400 in
876 1339 980 1402 Vatia.
1007 1338 1159 1402 scribitur
1181 1339 1234 1402 καὶ
1257 1339 1399 1420 στρατιὰν
1422 1341 1464 1402 ἔτι

239 1443 344 1525 πεζὴν,
377 1461 475 1524 quam
509 1445 700 1524 scripturam
735 1445 857 1524 recepit
885 1441 1038 1518 Stahlius
1074 1452 1110 1507 ut
1141 1446 1226 1508 inter
1258 1463 1293 1508 se
1326 1447 1460 1524 partice.

241 1549 323 1632 (μὲν)
352 1550 406 1612 καὶ
434 1557 465 1613 et
495 1550 555 1632 (rii)
584 1551 637 1613 καί
664 1548 871 1628 referrentur,
903 1552 992 1632 quod
1020 1553 1054 1614 in
1077 1551 1224 1631 plurimis
1249 1551 1330 1615 locis
1354 1551 1462 1615 Xeno·

240 1656 390 1735 phoutels
418 1655 453 1718 iit
482 1654 535 1741 (of.
563 1657 585 1734 1,
612 1655 665 1732 58,
694 1657 727 1732 1,
759 1657 796 1732 V,
823 1657 876 1728 65,
904 1658 938 1731 3;
972 1658 1050 1730 Vlll,
1077 1659 1130 1732 47,
1157 1656 1201 1741 2).
1251 1656 1316 1722 Sed
1349 1665 1462 1722 nostro

240 1763 314 1825 loen
339 1763 373 1825 in
396 1763 498 1828 altero
524 1763 670 1827 membro
694 1765 734 1826 ἔτι
758 1782 816 1842 pro
840 1765 893 1827 καί
918 1765 1057 1844 positum
1078 1783 1150 1829 esse
1166 1764 1292 1828 videtur
1309 1763 1360 1850 (et.
1381 1765 1460 1840 Vlll,

243 1868 328 1954 109),
359 1876 395 1932 ut
417 1871 470 1932 καὶ
495 1870 569 1952 (στρ.
593 1870 672 1952 πεζ.)
698 1875 730 1934 et
752 1871 806 1933 καί
831 1870 926 1952 (vaur.
949 1871 1036 1953 παρ.)
1061 1861 1145 1934 inter
1168 1889 1203 1935 se
1227 1871 1459 1951 respondeant,

240 1975 281 2039 cf.
310 1977 339 2050 7,
366 1976 396 2038 2.
424 2015 465 2022 -
490 1976 525 2039 ln
548 1974 570 2060 ξ
594 1976 613 2039 2
638 1977 742 2039 Vatia.
768 2001 800 2040 τε
824 1978 950 2052 omittit,
978 1978 1034 2041 sed
1060 1976 1100 2042 cf.
1127 1977 1179 2050 37,
1209 1978 1224 2040 1
1253 1975 1393 2062 (Stabit.
1421 2013 1464 2022 -

238 2081 302 2167 §4
326 2085 360 2146 in
385 2084 477 2147 Laur.
504 2089 553 2147 est
576 2084 760 2153 ἀντιπάλους
783 2085 903 2166 καὶτῷ
926 2085 1039 2166 πλήθει
1062 2085 1115 2147 καὶ
1138 2086 1178 2148 ἔτι
1204 2083 1404 2168 (corruptum
1428 2085 1463 2146 in

239 2189 295 2275 ὅτι)
324 2191 455 2263 πλείους,
484 2208 569 2271 quae
598 2190 698 2254 verba
722 2192 878 2270 optimam
903 2193 1099 2255 sententiam
1122 2192 1293 2271 praebent:
1331 2186 1463 2254 uiribus

232 2315 343 2378 pares
371 2301 402 2360 et
430 2315 576 2361 numero
605 2293 746 2381 quidem
764 2294 885 2379 plures
910 2295 1014 2362 etiam
1040 2296 1092 2382 (ci.
1119 2298 1171 2372 ΙΙΙ,
1198 2298 1251 2372 56,
1281 2294 1326 2382 1);
1361 2298 1461 2376 serip-

239 2411 311 2468 tura
335 2405 457 2468 Vatia:
491 2407 519 2467 ἀ.
548 2412 593 2486 τῷ
620 2429 655 2468 ιε
682 2405 795 2487 πλήθει
822 2406 884 2468 κτλ.
914 2408 1102 2469 correctura
1130 2410 1201 2468 orta
1224 2421 1297 2468 esse
1320 2404 1458 2478 videtur,

238 2530 314 2574 curn
342 2511 535 2590 significatio
564 2512 796 2590 particularum
826 2513 880 2575 nal
907 2531 1022 2592 parurn
1045 2511 1211 2575 intellecta
1234 2516 1331 2575 esset.
1361 2547 1400 2556 -
1424 2511 1461 2574 ln

237 2615 259 2702 ξ
278 2616 298 2681 5
322 2619 425 2681 Vatia.
454 2615 541 2701 (curn
566 2616 661 2702 Aug.)
687 2626 775 2682 recte
799 2619 1059 2701 ἀναπειρώμεναι,
1083 2619 1168 2681 male
1191 2618 1328 2687 ἐκείνους
1351 2624 1384 2681 et
1406 2618 1461 2680 καὶ

236 2725 271 2788 τὸ
295 2728 427 2808 ξηρᾶναι
451 2723 496 2809 (in
521 2749 567 2806 γρ.
592 2743 703 2787 verum
728 2725 782 2787 καὶ
805 2721 1012 2809 ἀποξηρᾶναι)
1038 2725 1186 2804 praebet3
1212 2725 1246 2786 in
1266 2724 1381 2788 eodem
1401 2742 1460 2803 pro

218 2833 371 2905 ίξουσία,
405 2831 493 2911 quod
526 2838 658 2894 rectene
686 2849 703 2894 e
733 2831 805 2894 cod.
833 2830 873 2893 ΙΙΙ.
902 2831 972 2894 solo
1002 2831 1172 2896 secluserit
1196 2830 1340 2895 Stahlius
1363 2830 1459 2894 valde

238 2939 351 3002 dubito
378 2936 447 3021 (cfr.
474 2938 606 3017 Autiph.
633 2937 656 3008 l,
683 2937 727 3021 6),
754 2944 803 3000 est
827 2939 959 3019 ἐξουσίᾳ.

331 3045 387 3122 13,
412 3044 432 3107 2
459 3045 552 3107 5551.
578 3044 627 3108 διὰ
647 3044 865 3126 φρυγανισμὸν
883 3045 936 3107 καὶ
955 3044 1100 3126 ἁρπαγὴν
1117 3043 1245 3126 μακρὰν
1263 3043 1316 3106 καὶ
1333 3043 1462 3123 ὑδρείαν

239 3153 374 3234 (ὑδρίαν)
400 3151 544 3230 praebet,
572 3169 715 3231 quocum
736 3152 899 3214 consentit
919 3151 1040 3214 schol:
1067 3150 1117 3214 διὰ
1135 3150 1170 3212 τὸ
1189 3150 1238 3213 ἐπὶ
1255 3149 1372 3212 πολλοῦ
1392 3148 1459 3211 δια-

237 3261 391 3342 στήματος
419 3259 466 3340 ἐφ’
492 3259 638 3341 ἁρπαγὴν
666 3260 792 3334 ἐξιέναι,
819 3259 853 3320 in
880 3257 980 3320 Vatia.
1006 3257 1135 3340 μακρὰν
1158 3263 1230 3337 post
1253 3255 1380 3338 ὑδρείαν
1403 3273 1459 3334 po·

237 3366 333 3439 nitur,
370 3363 411 3428 cl.
442 3366 473 3439 4,
507 3365 542 3440 6;
578 3364 715 3428 tortasse
748 3372 868 3438 tamen,
906 3383 980 3427 curn
1014 3365 1209 3427 adiectivum
1243 3381 1263 3425 a
1294 3361 1457 3426 vocabulo

237 3471 455 3554 φρυγανισμὸν
475 3473 619 3552 separari
639 3473 691 3534 vix
707 3472 813 3546 lineat,
837 3471 998 3550 scriptura
1013 3471 1106 3533 Laur.
1125 3475 1277 3549 praestat.
1317 3467 1458 3550 Μακράν

237 3597 311 3641 euru
345 3579 446 3643 verbo
479 3579 704 3660 ἀπολλυμένων
732 3585 767 3641 ut
795 3579 861 3640 vim
890 3576 1036 3640 adverbii
1057 3573 1184 3658 procul
1210 3575 1330 3640 habeat
1356 3576 1461 3654 iungit

237 3683 354 3758 Class,
382 3686 470 3765 quod
494 3691 581 3748 certe
605 3685 674 3750 lieri
698 3703 765 3748 non
789 3691 911 3764 potest;
945 3702 1020 3746 nam
1045 3683 1139 3763 longe
1164 3683 1256 3748 aliter
1279 3701 1315 3746 se
1338 3681 1457 3745 habeut

238 3791 301 3855 loci
335 3791 385 3866 ΙΙΙ,
415 3790 465 3865 13,
492 3792 512 3854 5
537 3799 569 3856 et
592 3791 644 3860 55,
674 3794 702 3867 Ι,
737 3792 793 3855 ubi
825 3791 953 3872 μακρὰν
986 3809 1061 3854 cum
1094 3790 1200 3853 verbis
1229 3807 1286 3870 per
1313 3807 1348 3852 se
1380 3789 1459 3868 ipsis

238 3896 471 3978 significatione
504 3894 624 3962 abesse
657 3898 809 3978 praeditis
843 3898 1055 3961 coniunctum
1079 3903 1137 3962 est.
1232 3894 1317 3959 lnfra
1340 3895 1413 3959 edd.
1440 3913 1458 3959 e

237 4005 341 4068 Vatia.
381 4005 502 4088 arirol
521 4005 769 4088 ἐμπορευόμενοι
806 4005 1023 4084 scripserunt,
1061 4005 1139 4068 mihi
1182 4003 1313 4084 quidem
1355 4002 1458 4082 magis

236 4113 344 4192 placet
376 4111 536 4190 scriptura
569 4112 662 4175 lianr.
698 4113 828 4184 αὐτοῦ,
866 4130 941 4176 curn
974 4112 1061 4190 οὑμοὶ
1093 4117 1223 4192 propter
1254 4110 1333 4191 ὑπὲρ
1365 4115 1458 4190 σφῶν

237 4220 325 4300 quod
349 4218 495 4299 sequitur
517 4237 798 4298 supervacaneum
823 4219 896 4281 sit.¹

241 4381 447 4388 ....—.—.—-—

327 4465 439 4520 1ΡιιιιΙο
468 4483 550 4536 supra
578 4483 626 4536 pro
654 4485 680 4518 τε
708 4464 741 4534 δὴ
772 4465 832 4520 lori.
861 4463 884 4517 τ’
915 4465 974 4532 ἤδη
999 4463 1171 4518 scribendum
1196 4467 1245 4528 est,
1274 4479 1335 4517 curn
1359 4461 1457 4531 ἐπειδὴ

235 4556 420 4625 praecesserit.
