3244 5060
728 345 770 409 43

145 523 312 586 consentit.
335 559 378 567 —-
398 521 484 586 infra
506 523 610 606 ἐπειδὴ
637 524 671 586 δὲ
696 521 783 608 (cett.
810 525 833 586 ἐ.
857 521 899 608 τε)
924 524 958 586 in
983 524 1087 587 Vatio.
1115 523 1277 601 scribitur,
1304 525 1362 588 sed

143 629 250 706 partic.
277 628 484 693 adversativa
507 631 560 693 hic
584 649 651 694 non
675 631 791 694 melius
816 631 985 705 convenit;
1012 631 1052 694 de
1076 638 1171 710 partt.
1192 631 1251 714 μὲν
1270 669 1313 678 -—
1331 655 1362 694 τε

144 735 323 799 coniunctis
354 735 394 799 cl.
422 735 523 801 Stahl.
555 737 596 800 ad
624 737 647 812 Ι,
681 738 754 810 144,
781 737 812 811 2,
848 738 904 801 ubi
932 755 1012 802 sane
1037 737 1131 801 Laur.
1158 738 1192 801 δὲ
1215 738 1359 817 praebet,

143 849 173 904 ut
196 849 246 906 est
268 843 435 907 levissima
458 845 492 906 in
516 845 637 908 haere
661 844 812 908 codicum
838 846 1026 908 auctoritas.
1053 881 1097 890 --
1122 845 1157 908 ln
1182 845 1286 908 Vatia.
1314 852 1362 909 est

143 947 263 1029 (ὁπόσοι
289 951 333 1020 τίς
359 950 438 1032 τότε)
463 952 579 1021 αὐτοῖς
601 952 795 1023 duodenarum
832 953 889 1016 sed
921 953 1052 1027 rectius
1088 953 1214 1032 opinor,
1250 952 1363 1022 αὐτοὺς

142 1073 213 1118 cum
237 1058 409 1139 ἐπήλπισαν
433 1059 503 1122 εοΙο
528 1059 735 1138 coniungitur
761 1055 902 1144 (Stant).
952 1059 1015 1122 Pro
1029 1143 1032 1152 ,
1048 1059 1228 1141 ἐπήλπισαν,
1261 1059 1362 1125 verbo

141 1163 280 1240 insolito,
307 1165 340 1228 in
357 1165 461 1228 Vatic.
488 1167 611 1229 ἔπεισαν
634 1166 845 1229 substitutum
869 1172 928 1228 θεῖ.
946 1201 988 1212 —-
1003 1163 1025 1250 ξ
1039 1166 1059 1230 3
1074 1167 1109 1228 in
1127 1167 1228 1230 Vatic.
1247 1167 1361 1230 omitti-

140 1276 189 1332 tur
216 1272 290 1334 adv.
321 1272 407 1344 (idm,
436 1291 512 1352 quo,
543 1292 620 1336 cum
647 1275 686 1336 ἂν
714 1291 773 1352 pro
802 1272 856 1335 ἐὰν
881 1272 1090 1353 Thucydides
1114 1291 1180 1336 non
1204 1274 1359 1352 posuerit,

141 1395 249 1442 carere
274 1398 341 1442 non
367 1398 541 1458 possumus
562 1377 700 1465 (stabi).
729 1415 770 1424 --
793 1376 815 1464 ξ
838 1380 859 1442 4
883 1385 958 1459 post
981 1380 1118 1442 ἐιελεύτα
1142 1380 1247 1444 Vatio.
1272 1386 1363 1443 τοῦτο

141 1484 236 1560 addit,
264 1486 353 1565 quod
369 1485 556 1550 Classenius
579 1492 748 1567 tamquam
775 1485 843 1550 «fiir
862 1488 959 1551 einen
979 1505 1016 1550 so
1036 1487 1362 1567 verbangnissvollen

143 1590 378 1656 Zeitabschnitt
410 1595 485 1656 sehr
513 1612 746 1674 angemessen»
780 1592 839 1680 (sic
869 1595 1025 1674 scriptum
1049 1591 1197 1678 legimus)
1222 1595 1359 1673 recepit;

142 1698 194 1760 sed
227 1700 322 1762 deest
353 1701 387 1762 in
419 1700 527 1774 Laur,
568 1707 600 1764 et
632 1698 672 1763 cf.
708 1700 820 1763 adnot.
857 1699 982 1764 Stahlii.
1035 1698 1081 1784 lln
1115 1700 1136 1786 ξ
1170 1701 1189 1762 2
1224 1699 1362 1764 fortasse

142 1804 330 1876 διπλασίους
359 1806 567 1870 scribendum
595 1814 654 1880 est,
686 1807 749 1870 nisi
778 1808 831 1870 cui
859 1806 942 1871 sorte
970 1807 1071 1870 verba
1093 1808 1147 1870 καὶ
1170 1809 1205 1870 ἐκ
1231 1815 1287 1890 γῆς
1309 1808 1363 1870 καὶ

141 1910 173 1972 ἐκ
196 1912 360 1995 θαλάσσης
383 1913 491 1978 delere
516 1916 618 1995 magis
642 1912 763 1998 libeat]
1017 1920 1023 1927 '

226 2019 258 2095 2,
293 2020 308 2081 1
346 2019 448 2083 Vatic.
483 2023 660 2102 νομίζοντες
692 2021 836 2100 praebet,
872 2022 928 2085 sed
963 2040 1030 2085 aor.
1066 2022 1272 2084 incohativus
1306 2023 1361 2100 qui

139 2131 272 2220 vocatur
304 2128 484 2208 νομίσαντες
511 2128 574 2191 hoc
603 2129 678 2190 loco
707 2129 787 2191 satis
811 2135 906 2208 aptus
930 2135 989 2202 est,
1025 2147 1087 2192 nec
1111 2147 1151 2191 ea
1173 2147 1237 2203 res,
1273 2129 1361 2207 quod

140 2239 209 2310 post
250 2235 318 2315 ἅμα
360 2235 394 2297 in
431 2241 506 2299 cett.
548 2236 642 2299 codd.
684 2244 811 2313 praeter
848 2236 952 2299 Vatic.
992 2236 1156 2316 glossema
1192 2235 1361 2317 ἡγούμενοι

139 2340 282 2403 additum
321 2347 384 2415 est,
428 2343 468 2405 ad
507 2361 663 2421 praesens
702 2349 830 2422 tempus
868 2343 1025 2406 tuendum
1060 2344 1237 2422 quicquam
1275 2342 1361 2404 valet

141 2444 343 2532 (Herwerd.).
387 2449 465 2512 Post
489 2449 589 2513 ἐλθεῖν
613 2451 646 2511 in
671 2451 774 2513 Vatic.
802 2450 873 2513 solo
898 2450 1027 2512 additur
1050 2449 1164 2529 partic.
1191 2451 1238 2522 ἂν,
1263 2467 1361 2528 quam

137 2556 305 2634 repetitam
330 2555 403 2618 loeo
427 2556 449 2630 l,
478 2556 529 2630 76,
558 2558 577 2619 4
605 2557 715 2620 adlato
749 2555 924 2621 defendere
953 2556 1014 2620 sibi
1042 2557 1132 2620 visus
1160 2563 1210 2619 cst
1234 2556 1360 2620 Classe·

138 2661 222 2736 nius;
259 2662 317 2726 sed
352 2681 425 2725 cum
459 2663 503 2726 ibi
536 2665 649 2743 partic.
681 2666 720 2726 ἂν
747 2664 848 2727 verbo
876 2665 1001 2744 regenti
1029 2664 1214 2742 anteposita
1238 2663 1360 2724 maiore

138 2769 240 2846 spatio
264 2769 435 2834 interiecto
459 2777 533 2849 post
555 2770 645 2833 infin.
674 2771 870 2850 pendentem
895 2776 1062 2850 repetatur
1087 2768 1139 2855 (cf.
1167 2769 1189 2836 l.
1219 2768 1291 2842 136,
1313 2765 1358 2850 4),

139 2877 312 2940 similitudo
337 2875 428 2939 nulla
451 2876 494 2939 lit.
511 2876 592 2962 --ξ
612 2877 631 2940 2
652 2880 686 2940 in
706 2879 809 2942 Vatic.
837 2878 969 2942 soloece
993 2878 1169 2958 ὀργῶντας
1193 2875 1358 2943 scribitur;

137 2981 220 3048 idem
249 2990 325 3047 ante
354 2983 460 3046 οἷοίτ’
490 2986 598 3064 inepte
628 3004 720 3064 pron.
753 2985 841 3048 αὐτοὶ
869 2978 967 3060 addit,
1004 2984 1092 3063 quod
1121 2984 1161 3046 de
1186 2982 1360 3046 Athenien-

140 3090 227 3154 sibus
253 3090 307 3176 (ab
332 3087 444 3173 sociis)
469 3092 629 3156 destitutis
654 3092 776 3156 dictum
801 3111 873 3156 esse
890 3091 993 3156 Closs.
1016 3091 1142 3164 statuit;
1169 3090 1226 3152 sed
1246 3088 1361 3151 melius

140 3197 240 3272 abest,
269 3196 310 3260 cf.
338 3199 448 3260 adnot.
467 3197 592 3262 Stahlii.
610 3198 690 3282 -ξ
715 3183 735 3262 3
759 3199 792 3260 in
817 3199 922 3262 Vatio.
950 3203 1066 3260 contra
1090 3196 1362 3259 consuetudinem

139 3302 380 3386 Thucydideam
408 3304 447 3386 ἦν
470 3311 543 3384 post
566 3305 667 3370 verba
690 3306 736 3375 ὡς
759 3304 844 3374 εἰκὸς
868 3305 1012 3375 additum
1046 3301 1085 3366 cf.
1112 3301 1214 3366 Stahl.
1241 3302 1281 3365 ad
1308 3302 1358 3375 Vl,

139 3410 187 3486 72,
214 3412 245 3475 3.
267 3409 353 3496 —§
376 3413 398 3474 4
422 3413 529 3476 minus
553 3419 628 3492 apte
652 3416 685 3475 in
706 3413 810 3477 Vatio.
838 3412 1037 3493 πανταχόθεν
1061 3410 1275 3489 discriptum
1300 3416 1358 3484 est,

139 3535 209 3582 curn
234 3537 288 3583 res
313 3519 420 3582 diotae
443 3520 506 3583 hoc
530 3519 677 3584 membro
703 3520 1033 3600 comprehendantur.
1083 3518 1146 3581 Pro
1167 3517 1360 3598 λογιζόμενοι

137 3623 168 3686 in
201 3626 318 3690 eodem
352 3631 402 3690 est
434 3626 572 3708 ὂιαῖογ,
606 3628 664 3690 sed
695 3629 786 3692 notio
811 3621 1052 3692 ratiocinandi
1073 3624 1127 3687 hic
1151 3624 1258 3686 minus
1282 3643 1358 3687 con-

138 3734 233 3808 venit,
260 3712 331 3796 nec
347 3733 424 3796 alibi
448 3733 511 3796 hoc
526 3733 626 3798 verbo
642 3753 721 3798 usus
737 3741 787 3798 est
802 3734 1022 3815 Thucydidem
1049 3732 1325 3812 praepositionem
1340 3750 1358 3795 θ

139 3837 324 3903 διενοοῦντο
349 3839 436 3919 quod
460 3841 831 3920 praecessit-repetitam
851 3859 923 3905 esse
943 3839 1154 3920 probabiliter
1174 3825 1358 3918 suspicatur

138 3942 290 4022 Stahlius,
317 3947 380 4008 nisi
404 3944 485 4010 forte
510 3955 700 4011 correctura
724 3947 847 4022 subest,
875 3946 916 4011 cl.
945 3948 1009 4021 Vll,
1037 3948 1089 4021 77,
1116 3947 1146 4007 7.

224 4053 257 4130 3,
285 4053 300 4116 1
326 4053 360 4115 in
385 4053 488 4116 Vatia.
520 4051 624 4118 forma
651 4055 813 4118 recentior
838 4052 880 4139 (v.
906 4054 1069 4118 Meisterh.
1096 4071 1231 4132 gramm.
1257 4053 1354 4115 inser.

136 4160 197 4224 Att.
234 4181 263 4241 p.
296 4157 350 4244 56)
384 4159 535 4242 Μηλιέως
567 4161 734 4236 scribitur;
770 4161 885 4226 eadem
918 4163 952 4224 in
985 4159 1137 4224 omnibus
1171 4159 1266 4223 codd.
1302 4158 1354 4232 IV,

138 4268 208 4344 100,
242 4268 257 4330 1
291 4271 388 4342 estat,
423 4266 479 4329 ubi
513 4266 653 4331 formam
681 4267 816 4350 Μηλιῶς
847 4267 1082 4332 restituendam
1115 4284 1188 4330 esse
1222 4282 1354 4328 censeo.

136 4373 237 4440 Vatic.
264 4374 508 4456 μεμφομένους
532 4374 674 4450 exbibet,
702 4372 742 4437 cf.
769 4374 874 4438 simile
899 4375 1012 4437 vitium
1037 4374 1131 4436 Laur.
1155 4373 1220 4447 Vll,
1242 4370 1294 4444 50,
1319 4369 1353 4445 2;

135 4483 167 4545 in
190 4483 306 4547 eodem
331 4479 402 4543 solo
427 4486 502 4544 ante
522 4480 692 4544 Θεσσαλῶν
712 4482 803 4545 artic.
819 4487 883 4544 τῶν
902 4482 1040 4555 additur,
1068 4477 1107 4542 cl.
1126 4479 1166 4542 ad
1182 4479 1232 4549 lll,
1251 4477 1303 4552 95,
1324 4478 1352 4540 1.

222 4589 256 4666 4,
283 4589 298 4650 1
325 4587 430 4651 Vatic.
461 4589 552 4651 solus
581 4595 657 4652 ante
684 4592 813 4669 χειμῶνι
837 4587 991 4650 inutiliter
1013 4587 1100 4666 αὐτῷ
1123 4585 1221 4660 addit,
1254 4581 1294 4647 cl.
1322 4584 1353 4659 3,
