3262 5052
801 409 803 412 ·
817 331 880 396 136

235 525 298 574 neo
332 526 478 574 causam
504 504 729 592 probabilem
761 505 867 573 edere
896 502 1050 586 uidebor,
1084 503 1148 571 scd
1181 505 1247 592 [qui
1271 507 1471 587 scripturam

238 615 335 679 codd.
361 622 504 692 tuentur,
534 616 601 679 ἄλλ’
628 614 772 680 scribere
800 613 975 700 debebant]
1007 617 1068 680 αιιί
1090 651 1131 662 -
1157 616 1219 678 cui
1239 649 1279 660 -
1309 609 1467 678 videbor.

234 721 329 787 Idem
352 722 520 786 Herwcrd.
546 727 621 802 post
644 722 825 804 ἐλευθερίαν
847 721 1007 785 audacius
1031 721 1118 794 δόξω
1142 720 1267 784 addens
1291 719 1467 800 quaesivit.

237 865 282 874 —
296 826 319 913 ξ
335 829 365 891 7.
392 829 473 892 ὥστε
496 829 555 892 οὐκ
579 827 664 897 εἰκὸς
686 827 772 910 νηΐτῃ
797 851 831 909 γε
854 826 969 897 αὐτοὺς
989 834 1036 909 τῷ
1059 827 1092 890 ἓν
1111 826 1230 908 Νισαίᾳ
1253 833 1375 907 στρατῷ
1397 826 1471 889 ἴσον

235 935 361 1017 πλῆθος
383 935 435 1016 ἐφ’
460 935 545 1016 ὑμᾶς
567 932 760 1016 ἀποστεῖλαι]
793 952 852 1012 pro
879 940 926 1016 τῷ
953 934 986 996 ἕν
1008 932 1135 1014 Νισαίᾳ,
1168 950 1253 1012 quae
1277 931 1378 996 verba
1401 931 1469 994 Do-

236 1040 355 1104 brecus
377 1045 410 1103 et
430 1039 608 1104 Amoldius
631 1040 733 1104 deleri
756 1041 930 1115 Iusseram,
957 1040 1062 1103 codex
1078 1038 1181 1103 Palat.
1208 1038 1299 1102 solus
1321 1045 1367 1119 τῷ
1389 1037 1476 1100 ἐκεῖ

235 1145 377 1221 exhibet,
401 1164 468 1226 qua
481 1146 701 1225 discrepantia
715 1151 891 1226 utrumque
904 1146 1230 1225 interpretamentum
1245 1161 1319 1208 esse
1335 1140 1468 1228 (suhi.)

235 1251 369 1316 minime
393 1251 516 1323 clucet;
543 1251 646 1315 multo
671 1252 758 1316 enim
782 1252 850 1316 veri
870 1251 1008 1314 similius
1028 1256 1087 1326 est,
1114 1250 1279 1332 verbasci
1297 1250 1331 1312 ἐν
1348 1248 1471 1330 Νισαίᾳ

236 1358 517 1437 interpretationis
549 1375 652 1422 causa
683 1357 848 1437 adscripta
880 1358 913 1420 in
947 1363 1138 1422 contextum
1170 1357 1350 1436 irrepsisse.
1399 1353 1469 1419 Sed

236 1463 410 1528 durissime
443 1483 483 1528 ex
515 1464 556 1527 iis
588 1481 674 1544 quae
706 1469 890 1545 sequuntur
921 1463 1121 1527 vocabulum
1154 1470 1278 1545 στρατῷ
1307 1462 1347 1528 ad
1378 1460 1468 1543 νηΐτῃ

236 1569 377 1645 ααᾶίίαν,
413 1588 521 1650 neque
554 1569 683 1652 στρατὸς
710 1570 751 1634 dc
780 1570 988 1649 expeditione
1017 1569 1083 1633 dici
1110 1574 1228 1649 potest⁴
1277 1568 1389 1648 Itaque
1413 1586 1469 1630 sn-

236 1675 355 1754 spicer,
377 1675 505 1759 νηΐιην
526 1673 584 1762 (sc.
602 1673 744 1760 στρατὸν)
765 1676 977 1740 scribendum
994 1694 1082 1740 esse:
1098 1680 1290 1758 propterea
1304 1691 1373 1738 non
1391 1669 1471 1737 ocri

236 1777 349 1845 simila
367 1783 425 1860 cst,
447 1777 612 1846 accolam
631 1778 772 1864 quidam
791 1798 849 1846 eos
868 1778 1046 1856 exercitui,
1065 1799 1167 1864 quem
1182 1777 1251 1844 illic
1266 1776 1465 1858 habuerint,

237 1904 384 1952 numero
410 1884 463 1973 (cf.
490 1887 541 1964 III,
564 1887 617 1962 98,
639 1889 675 1965 43
702 1888 783 1964 VIII,
808 1888 882 1964 104,
904 1887 940 1964 5;
967 1889 1007 1952 de
1031 1888 1122 1952 artic.
1149 1888 1273 1950 omisso
1297 1887 1366 1950 vid.¹
1388 1885 1466 1949 adn.

239 1993 357 2074 Krueg.
384 1994 426 2058 ad
449 1993 533 2057 Xen.
559 1993 664 2058 Anah.
691 1995 744 2071 IV,
771 1995 802 2071 2,
829 1995 848 2058 2
873 2003 905 2059 et
928 1995 1030 2058 Thuc.
1057 1994 1110 2068 IV,
1136 1993 1190 2068 56,
1220 1993 1253 2065 1;
1284 1992 1337 2067 94,
1366 1992 1398 2064 1;
1427 1992 1467 2068 V,

239 2100 269 2176 8,
297 2100 332 2178 2;
359 2100 426 2177 VII,
454 2099 506 2173 12,
532 2098 565 2185 4)
589 2118 720 2183 parem
748 2103 873 2165 contra
898 2119 958 2166 uos
983 2097 1153 2164 missuros
1177 2115 1251 2163 esse
1276 2095 1363 2182 (nam
1388 2117 1470 2178 quo-

239 2207 360 2302 minus¹
376 2225 419 2270 ne
447 2207 606 2272 maiorem
634 2208 732 2272 ctiam
761 2207 891 2271 mittant
914 2207 1104 2282 vereamini,
1139 2204 1314 2270 difficultas
1338 2205 1470 2284 expedi-

239 2313 339 2376 tionis
372 2314 499 2376 navaIis
531 2312 691 2399 impedit).
740 2313 934 2394 Quanquam
965 2314 1040 2377 Ioco
1069 2312 1115 2375 sic
1145 2330 1277 2392 quoquc
1300 2310 1470 2376 intellecto

240 2417 474 2482 obscuritatem
507 2419 673 2499 quandam
705 2419 814 2484 inesse
842 2420 962 2484 Infitias
990 2438 1057 2483 non
1086 2412 1137 2492 eo,
1173 2436 1258 2498 quac
1286 2423 1396 2482 tamen
1425 2434 1470 2480 an

242 2522 424 2604 Thucydidi
447 2524 509 2603 ipsi
531 2525 725 2605 imputanda
747 2526 788 2588 sit
812 2526 937 2590 dubito.

332 2628 393 2702 86,
417 2629 448 2692 2.
474 2631 594 2694 οὔκουν
616 2632 697 2704 ἀξιῶ
720 2632 794 2694 οὔτ’
820 2631 915 2702 αὐτὸς
936 2631 1179 2703 ὑποπτεύεσθαι,
1197 2667 1250 2704 -,
1270 2631 1354 2693 οὔτε
1370 2653 1469 2711 τιμω-

244 2734 301 2818 ρὸς
328 2735 483 2805 ἀδύνατος
509 2737 707 2818 νομισθῆναι,
734 2743 934 2819 προσχωρεῖν
955 2761 991 2800 τε
1013 2737 1097 2818 ὑμᾶς
1119 2736 1203 2820 καί]
1235 2737 1373 2802 alterum
1398 2738 1471 2802 οὔτε

243 2840 388 2906 Stahlins
412 2841 578 2906 Herwcrd.
606 2847 739 2906 secutus
767 2843 800 2905 In
824 2843 908 2906 οὐδὲ
932 2842 1079 2915 mutavit,
1109 2849 1145 2905 ut
1172 2844 1244 2906 οὔτε
1266 2879 1310 2888 -
1331 2865 1363 2906 τε
1385 2843 1471 2907 inter

241 2967 276 3013 se
305 2946 512 3013 referrentur.
562 2946 627 3012 Sed
656 2947 743 3028 quod
773 2949 867 3019 αι’πὸς
894 2954 927 3012 εί
953 2949 1037 3030 ὑμᾶς
1064 2949 1149 3014 inter
1172 2967 1208 3014 se
1232 2949 1354 3029 opponi
1377 2948 1467 3024 dIcit,

241 3054 453 3119 collocatIoni
480 3053 656 3118 verborum
684 3062 853 3136 repugnat,
886 3073 971 3136 quae
1000 3060 1088 3120 certe
1111 3055 1195 3137 ὑμᾶς
1217 3079 1249 3118 τε
1270 3060 1471 3138 προσχωρεῖν

241 3178 314 3224 esse
336 3159 494 3236 debebat;
527 3161 658 3226 tertium
686 3162 783 3242 igitur
810 3162 993 3226 membrum
1017 3160 1178 3241 particula
1199 3183 1231 3224 τε
1254 3160 1356 3224 libere
1379 3159 1469 3224 addi·

241 3272 311 3330 tum
335 3267 437 3348 magis
461 3285 560 3347 quam
585 3268 808 3347 superioribus
831 3269 922 3333 iuxta
945 3269 1087 3348 positum
1106 3285 1179 3330 csse
1198 3267 1340 3343 videtum
1367 3284 1470 3346 quan-

241 3391 340 3454 quam
378 3371 517 3438 fortassc
555 3391 632 3437 cnm
664 3373 764 3437 Bckk.
801 3382 833 3439 ct
865 3375 983 3456 Krueg.
1017 3379 1216 3456 προσχωρεῖν
1250 3373 1289 3436 δὲ
1325 3371 1471 3438 scribere
1499 3433 1502 3440 .

241 3486 396 3560 praestat.

335 3585 394 3660 87,
425 3586 453 3650 1.
488 3585 542 3650 καὶ
570 3587 630 3650 οὐκ
653 3588 693 3650 ἃν
714 3587 814 3669 μείζω
837 3586 919 3670 πρὸς
940 3591 1003 3656 τοῖς
1026 3585 1134 3667 ὅρκοις
1156 3586 1326 3668 βεβαίωσιν
1346 3585 1472 3667 λάβοιτε

241 3694 261 3773 ἢ
295 3692 342 3762 οἷς
372 3691 409 3756 τὰ
443 3694 519 3775 ἔργα
543 3729 587 3740 -
611 3692 742 3775 δόκησιν
768 3693 943 3774 ἀναγκαίαν
969 3693 1136 3774 παρέχεται
1163 3692 1210 3762 ὡς
1236 3691 1291 3754 καὶ
1317 3691 1472 3773 ξυμφέρει

244 3797 366 3880 ὁμοίως
397 3799 444 3869 ὡς
476 3799 580 3884 abror]
612 3799 715 3862 multa
747 3799 781 3862 In
814 3800 877 3862 hac
910 3798 1062 3862 codIcum
1095 3797 1256 3877 scriptura
1288 3795 1469 3874 offendunt,

243 3921 343 3983 quam
366 3903 536 3970 Dobrccus
571 3904 711 3991 (advers.
738 3905 789 3970 cd.
815 3922 916 3985 germ.
947 3903 959 3966 I
988 3922 1019 3983 p.
1045 3901 1101 3989 47)
1135 3921 1250 3982 pamm
1283 3903 1468 3984 eprIoavit.

243 4009 330 4073 Dure
363 4011 449 4074 enim
483 4011 571 4092 apud
604 4012 717 4092 partic.
748 4013 768 4093 ἢ
797 4028 815 4074 c
843 4009 979 4074 relativo
1007 4007 1054 4079 οἷς
1081 4010 1251 4089 genetivus
1278 4011 1399 4074 τούτων
1425 4011 1473 4076 ita

241 4115 418 4196 cogitando
451 4119 580 4198 petitur,
620 4123 656 4182 ut
691 4117 860 4200 βεβαίωσις
889 4115 1010 4180 τούτων
1034 4109 1137 4203 fides
1170 4111 1216 4180 ab
1248 4111 1298 4180 cis
1330 4120 1473 4198 occepta

244 4219 353 4306 (aeine
390 4240 455 4286 von
494 4223 602 4288 denen
635 4223 844 4305 ausgehendc
877 4220 1192 4307 GewdhrIeistung»)
1226 4220 1399 4302 signidem,
1439 4227 1472 4286 et

241 4329 392 4393 dativum
423 4329 531 4410 ipsum
564 4330 611 4400 οἷς
643 4330 746 4394 multo
774 4326 902 4394 facilius
930 4346 1006 4394 eum
1035 4329 1165 4411 δόκησιν
1192 4328 1366 4410 ἀναγκαίαν
1387 4351 1472 4410 παρ·

242 4436 342 4516 ίχειαι
363 4453 461 4516 quam
482 4454 557 4500 cum
577 4436 686 4502 verbis
703 4436 740 4514 cd
760 4437 845 4519 ἔργα,
868 4442 903 4500 ut
921 4453 981 4516 pro
1000 4433 1048 4500 ὧν
1066 4435 1193 4522 positus
1212 4435 1264 4512 sit,
1289 4433 1469 4514 iungimus3

242 4540 286 4605 ad
320 4542 518 4608 sententiam
549 4549 659 4608 autem
693 4543 757 4606 Ioci
789 4541 1033 4609 obscurandam
1061 4541 1210 4606 transitio
1234 4557 1255 4604 a
1276 4557 1379 4604 causa
1406 4540 1471 4604 siu-
