3244 5060
733 339 773 403 21

145 535 220 579 oum
244 517 416 596 negatione
440 517 903 595 coniuncti,desiderarentur;
930 515 986 582 cfr.
1008 517 1125 598 Krueg.
1148 519 1189 581 ad
1204 518 1241 593 II,
1259 515 1311 593 37,
1332 519 1361 582 1.

143 620 223 708 -ξ
241 623 262 685 4
282 629 362 686 extr.
388 641 557 704 perperam
581 623 682 687 verba
703 622 738 686 τὸ
757 629 820 687 τῶν
838 623 978 706 Θρᾳκῶν
1001 623 1097 704 vulgo
1123 630 1360 704 expunguntur,
1447 699 1449 704 ,

144 730 263 810 quibus
287 730 417 793 omissis
439 729 474 792 τὸ
498 731 586 810 γένος
609 730 706 792 nimis
729 731 853 794 nudum
882 731 1023 811 positum
1050 737 1147 794 esset.
1195 731 1230 794 In
1256 730 1360 795 Vatio.

143 837 304 899 omittitur
326 837 415 899 artie.
440 835 484 909 τὸ,
509 835 566 899 sed
591 833 631 900 of.
658 836 699 899 ad
724 855 752 900 c.
780 837 832 912 24,
860 836 891 901 3.
916 873 959 882 --
981 834 1004 922 ξ
1027 835 1047 900 5
1072 855 1131 916 pro
1155 837 1363 918 exquisitiore

143 942 362 1006 collocatione
394 944 503 1024 ἔνοχον
534 943 565 1005 οἳ
594 943 703 1012 παῖδες
734 943 953 1025 ἑαεληλαθότες
977 942 1080 1007 Vatio.
1113 945 1135 1006 ἕ.
1164 944 1239 1006 ecel.
1263 944 1293 1006 oi
1314 967 1363 1020 π.,’

141 1067 250 1130 neque
274 1050 375 1129 magle
399 1049 507 1128 placet
528 1055 566 1131 τῇ
588 1050 674 1131 πάσῃ
697 1049 783 1112 πόλει
808 1046 860 1134 (cf.
888 1048 968 1126 VIII,
995 1048 1048 1123 93,
1075 1047 1119 1134 3).

234 1155 337 1234 30,2
369 1174 428 1236 pro
461 1155 569 1219 verbis
596 1155 632 1218 τὰ
662 1157 695 1218 ἐν
721 1162 758 1238 τῇ
786 1161 825 1238 γῇ
853 1155 887 1218 in
912 1155 1014 1219 Vatic.
1039 1155 1364 1235 interpretamentum

141 1263 196 1345 τὴν
219 1262 333 1344 φυγὴν,
357 1263 446 1342 quod
469 1263 503 1324 in
527 1262 600 1324 cod.
627 1261 769 1342 quodam
792 1259 919 1346 (Lugd.)
943 1262 1093 1342 vulgatae
1112 1262 1227 1342 partic.
1249 1262 1287 1344 ὃν)
1307 1263 1362 1326 ad·

143 1369 210 1432 dita
241 1369 495 1449 superscriptum
523 1373 582 1447 est,
615 1367 776 1431 scribitur.
824 1369 861 1431 ln
894 1369 987 1432 Laur.
1023 1374 1098 1447 post
1128 1369 1363 1449 προεκθέονεες,

142 1477 174 1539 in
198 1477 226 1540 V
229 1476 303 1539 etin.
329 1481 403 1554 post
425 1476 537 1544 ἱππέας
561 1471 594 1560 (ξ
617 1471 649 1559 3)
674 1475 788 1554 partio.
813 1499 845 1538 τε
867 1475 1061 1539 intercidit.l

234 1581 292 1659 31,
319 1582 335 1644 1
364 1599 423 1662 pro
452 1582 487 1644 ἐκ
517 1581 582 1663 (τῆς
604 1580 785 1663 Κερκύρας)
813 1587 903 1645 recte
932 1581 1035 1645 Vatio.
1066 1581 1116 1643 ἐπὶ
1139 1580 1277 1644 exhibet.
1326 1581 1363 1644 ln

141 1689 257 1753 eodem
288 1688 360 1752 solo
391 1696 465 1767 post
495 1688 629 1752 verbum
656 1686 789 1752 Ἠλείων
819 1688 1026 1768 participium
1054 1688 1176 1770 εὑρών
1205 1687 1361 1767 scriptum

142 1802 202 1871 est,
235 1795 324 1877 quod
352 1813 540 1875 quanquam
568 1801 642 1874 post
670 1795 758 1858 -είων
784 1793 819 1856 in
847 1800 921 1858 cett.
947 1794 1142 1858 intercidere
1165 1794 1243 1857 satis
1268 1791 1362 1858 facile

141 1903 257 1982 potuit,
284 1901 325 1964 ad
344 1900 578 1964 abundantiam
598 1901 718 1964 ὁλκάδα
740 1938 773 1944 --
790 1900 887 1982 αὐτὴν
905 1901 967 1962 κτλ.
989 1898 1042 1985 (de
1061 1919 1126 1982 qua
1140 1899 1181 1965 cf.
1198 1901 1235 1975 II,
1253 1899 1306 1976 62,
1327 1901 1359 1977 1;

141 2009 194 2084 ΙΙΙ,
222 2008 275 2084 82,
302 2007 333 2093 2)
363 2007 547 2072 leniendam
577 2008 721 2071 additum
754 2023 827 2070 esse
860 2007 946 2070 haud
980 2006 1078 2070 dubie
1111 2007 1362 2070 existimandum
1482 2057 1485 2062 i

141 2121 200 2178 est.
222 2152 266 2160 -
286 2115 322 2178 ln
344 2113 366 2199 ξ
386 2114 405 2176 2
431 2114 534 2177 Vatie.
561 2133 628 2178 non
652 2114 768 2178 melius
791 2114 823 2182 ἔς
845 2137 881 2176 τε
905 2113 1076 2176 Ζάκυνθον
1099 2113 1241 2194 praebet.
1263 2149 1307 2158 -
1326 2113 1362 2175 In

139 2219 206 2306 §3
239 2227 315 2285 ante
347 2220 483 2284 verbum
516 2221 658 2291 ἑαλωκός
689 2222 723 2283 in
754 2220 857 2283 Vatio.
890 2220 961 2283 solo
990 2220 1051 2302 ἤδη
1080 2219 1241 2292 scribitur,
1272 2219 1361 2299 quod

140 2327 299 2392 inutiliter
335 2333 367 2392 et
403 2327 541 2390 moleste
579 2324 756 2411 (praecedit
797 2327 884 2390 enim
919 2326 981 2410 ἤδη
1019 2323 1077 2411 ὤν)
1116 2326 1261 2388 additum
1299 2331 1358 2402 est,

141 2431 182 2497 cf.
208 2435 284 2498 adn.
311 2434 351 2496 ad
375 2434 407 2510 4,
433 2435 464 2496 4.
492 2471 532 2478 --
556 2431 622 2519 §4
650 2441 729 2498 extr.
761 2433 865 2496 Velie.
895 2437 983 2496 recte
1017 2432 1150 2502 δεούσας
1181 2433 1277 2494 εἴκοσι
1308 2431 1380 2502 τὰς·

140 2541 203 2604 κτλ.
231 2539 375 2620 praebet,
406 2541 464 2604 sed
492 2558 550 2619 pro
579 2541 676 2610 οὔσας
698 2539 851 2602 scribitur
873 2537 957 2612 εἶναι,
986 2539 1211 2618 superscriptis
1235 2538 1358 2602 verbis:

140 2653 231 2710 ταῦτα
254 2653 389 2729 κρεῖττον
411 2647 465 2712 καὶ
487 2633 594 2728 σαφές,
618 2646 706 2727 quod
727 2645 883 2709 iudicium
903 2645 996 2726 sequi
1013 2645 1066 2708 vix
1085 2646 1170 2708 licet.
1192 2681 1235 2690 -
1254 2645 1291 2708 ln
1304 2643 1360 2730 §5

141 2754 255 2833 partio.
280 2777 319 2828 τε,
348 2772 445 2834 quam
470 2759 544 2846 post
566 2753 786 2816 πεντεκαίδεκα
810 2752 965 2816 exhibent
989 2752 1083 2816 Leur.
1109 2757 1141 2816 et
1167 2751 1268 2814 Vatie.
1296 2775 1357 2832 γρ.,

141 2878 330 2942 quanquam
359 2860 492 2923 insolita
524 2866 573 2923 est
601 2860 791 2930 collocatio,
822 2859 863 2922 ad
892 2859 1038 2922 membra
1064 2858 1228 2938 iungenda
1255 2858 1361 2936 aptior

142 2972 192 3030 est
215 2984 313 3048 quam
336 2971 372 3031 ut
394 2967 561 3042 reIciatur3
588 2964 628 3030 el.
656 2964 756 3030 Stobi.
783 2965 825 3028 ad
849 2966 872 3040 I,
901 2963 970 3028 16.²

232 3071 290 3138 32η
320 3073 335 3136 1
361 3091 420 3153 pro
443 3073 689 3156 προπυθόμενος
711 3073 745 3134 in
773 3071 878 3158 Vatis.
905 3071 1057 3135 scribitur
1082 3069 1273 3152 πυθόμενος,
1302 3070 1360 3134 sed

143 3177 182 3241 of.
208 3179 261 3253 IV,
287 3178 341 3255 42,
368 3179 411 3242 3.Ι
448 3179 645 3242 Pronomine
669 3179 761 3260 σφίσι,
791 3179 879 3257 quod
909 3178 994 3242 idem
1024 3176 1113 3240 solus
1137 3176 1237 3252 addit,
1264 3174 1359 3240 facile

143 3302 302 3358 caremus
334 3283 374 3349 of.
404 3287 454 3360 14,
481 3285 511 3348 2.
569 3285 632 3348 Pro
664 3285 847 3348 indicativis
881 3285 1087 3366 ὃιαφρήσουαι
1120 3288 1151 3346 et
1183 3283 1360 3346 κωλύσουσι

144 3391 341 3455 coniunctivi
374 3415 448 3455 -ωσι
478 3391 679 3455 rescribendi
712 3396 797 3466 sunt,
833 3391 888 3472 qui
916 3392 951 3452 in
974 3391 1068 3454 Laur.
1095 3394 1220 3466 extant;
1252 3389 1357 3452 Vatio.

144 3520 234 3571 -οοσι,
258 3521 333 3562 -ωσι
355 3497 498 3577 praebet.
547 3495 594 3561 Cf.
622 3497 723 3561 Stahl.
750 3516 804 3577 qu.
830 3517 875 3578 gr.
901 3515 931 3576 p.
958 3496 1011 3560 26.
1039 3533 1080 3541 -
1103 3493 1125 3580 ξ
1149 3494 1168 3557 2
1193 3496 1287 3558 Laur.
1316 3492 1360 3580 (et

144 3603 245 3667 Vatic.
277 3602 337 3689 γρ.)
366 3604 494 3685 ἐνέδραν
520 3603 585 3668 τινὰ
612 3604 825 3686 ποιησάμενοι,
856 3604 959 3667 Vatie.
990 3603 1013 3666 ἒ.
1040 3609 1128 3684 τριχῇ
1155 3602 1360 3684 ποιησάμεναι

143 3710 284 3788 praebet.
324 3710 382 3774 IIIa
401 3711 562 3790 scriptura
581 3711 668 3773 haud
688 3709 785 3773 dubie
804 3707 1018 3790 praeferenda
1037 3713 1085 3773 est
1103 3705 1155 3792 (cf.
1172 3707 1223 3784 III,
1241 3707 1294 3784 90,
1312 3705 1356 3792 2),

111 3829 112 3832 ’
144 3835 329 3897 quanquam
349 3818 438 3898 origo
458 3817 592 3880 alterius
611 3818 651 3880 ad
672 3816 900 3896 explicandum
921 3814 1081 3884 diIIieilior
1103 3820 1167 3889 est;
1194 3822 1360 3880 corrector

144 3919 289 4000 tortasse,
316 3943 391 3987 cum
413 3923 478 3986 τινὰ
501 3923 728 3998 intercidisset,
755 3922 877 4003 aliquid
901 3923 1090 3988 desiderans
1113 3929 1201 4005 τριχῇ
1223 3922 1355 3985 addidit.

231 4133 239 4162 ¹
257 4134 379 4188 PesSIme
398 4133 442 4187 hic
461 4150 568 4203 quoque
588 4135 725 4188 Herwerd.
747 4136 774 4186 et
793 4133 915 4188 Stahlius
930 4134 1014 4187 verbe
1026 4140 1078 4185 τῶν
1094 4133 1209 4201 Θρᾳκῶν
1224 4147 1359 4201 expunxe-

144 4227 209 4286 runt,
234 4238 304 4294 quae
327 4239 389 4277 cum
413 4213 448 4276 ab
467 4238 582 4277 numero
599 4223 758 4290 πεντήκοντα
777 4223 823 4274 καὶ
840 4224 968 4276 διακόσιοι
988 4222 1032 4276 eui
1049 4224 1077 4275 οἱ
1092 4223 1236 4288 ξύμπαντες
1255 4219 1358 4289 apposi-

144 4317 197 4364 tum
216 4317 258 4365 est
276 4311 421 4380 pendeant,
441 4311 610 4365 nominativo
629 4327 695 4366 casu
713 4311 826 4364 minime
845 4311 973 4380 ponende
991 4315 1075 4374 erant,
1095 4311 1126 4364 ef.
1141 4311 1207 4375 VIlI,
1227 4311 1273 4374 21;
1293 4323 1358 4362 nam

143 4399 192 4453 Ioci
215 4415 283 4469 quos
304 4398 389 4453 StahI.
409 4399 487 4453 affert
505 4400 559 4469 (IV,
578 4400 620 4465 39,
641 4400 668 4466 l;
688 4401 718 4468 V,
737 4399 781 4469 26,
800 4399 829 4463 1;
848 4400 912 4466 vul,
931 4397 959 4468 7)
982 4415 1093 4467 prorsus
1116 4399 1262 4453 dissimiles
1285 4403 1357 4451 sunt.

227 4486 384 4543 'Ceterum
411 4487 496 4542 verba
523 4488 568 4556 ἀφ’
598 4487 637 4542 ὧν
664 4488 737 4541 αὐτοὶ
764 4487 835 4556 εἶχον
863 4489 897 4542 ad
925 4488 1046 4542 dativum
1071 4488 1143 4554 σφίσι
1167 4485 1357 4554 explicandum

143 4575 231 4630 addita
249 4577 463 4632 essevidentur.
