3262 5052
739 345 802 410 139

157 525 264 586 -ἂν
287 525 389 605 ἔχοιεν
412 524 570 586 orationis
593 529 705 588 rectae
728 521 924 595 referentum
951 523 1014 587 hoc
1038 523 1113 587 ideo
1136 521 1386 603 praeferendum

157 647 231 693 esse
252 629 393 704 videtur,
425 629 513 710 quod
536 629 765 705 Athenienses,
797 629 853 710 qui
876 629 1043 708 amplioris
1067 629 1167 708 partis
1191 630 1258 709 agri
1283 629 1384 694 Boeo·

158 742 267 800 tomm
296 737 512 816 occupandae
539 755 580 800 ne
605 742 761 800 conatum
786 735 917 816 quidem
942 742 1110 816 ceperunt,
1141 753 1177 800 sc
1204 737 1293 816 ipsos
1318 755 1385 800 non

156 844 303 922 potuisse
335 843 391 905 vix
424 843 591 919 dixissent,
627 859 735 922 neque
763 841 852 905 aliud
881 842 1059 922 quiequam
1086 848 1142 906 νῦν
1166 842 1200 905 δὲ
1223 843 1312 922 quod
1336 861 1384 906 se·

155 950 266 1030 quitur
290 967 391 1030 quam
415 955 536 1012 statum
557 968 667 1013 rerum
691 955 898 1028 praesentem
920 948 1088 1030 significat,
1116 949 1258 1030 quinon
1276 950 1385 1012 minus

154 1056 254 1120 rebus
286 1054 403 1119 futuris
432 1073 531 1135 quam
558 1056 657 1120 rebus
685 1057 785 1136 gestis
810 1056 931 1136 opponi
954 1061 1072 1136 potest.
1122 1055 1273 1120 Ceterum
1297 1056 1385 1121 haud

155 1163 226 1226 scio
259 1181 303 1226 an
336 1167 426 1226 recte
450 1161 567 1243 Krueg.
598 1161 793 1225 infinitivum
826 1163 891 1226 hoc
923 1162 995 1226 solo
1020 1163 1220 1244 Thucydidis
1247 1163 1323 1226 loco
1351 1163 1384 1225 in

154 1271 326 1332 enuntiato
360 1269 580 1333 condicionali
613 1263 766 1348 positum,
804 1287 902 1348 quem
935 1289 1015 1332 usus
1043 1269 1249 1333 Herodoteus
1282 1269 1384 1332 multo
1503 1315 1506 1322 .

155 1374 291 1439 liberior
313 1393 429 1455 parum
452 1381 571 1451 tuetur,
606 1375 640 1437 in
669 1375 851 1457 δυνηθεῖεν
876 1374 1062 1439 correxerit.
1089 1412 1132 1420 —
1154 1373 1177 1460 ξ
1200 1375 1231 1438 6.
1249 1381 1329 1474 ἱπᾶν
1352 1375 1382 1438 δ’

155 1481 239 1552 εἰκὸς
270 1481 348 1545 εἶναι
374 1489 421 1563 τῷ
447 1483 578 1564 πολέμῳ
606 1481 660 1544 καὶ
688 1481 783 1562 δεινῷ
805 1505 861 1544 τινι
883 1482 1125 1564 κατειργόμενον
1147 1482 1337 1564 ξύγγνωμόν
1359 1506 1385 1544 τι

155 1589 316 1670 γίγνεσθαι
348 1589 402 1651 καὶ
433 1588 514 1671 τιρδς
544 1595 599 1651 τοῦ
633 1587 731 1671 θεοῦ]
766 1586 940 1652 difficultas
973 1589 1068 1651 huius
1102 1589 1167 1652 loci
1199 1587 1384 1668 explicandi

154 1694 285 1757 duobus
310 1695 451 1758 maxime
475 1694 594 1770 verbiS,
620 1699 683 1756 πᾶν
707 1699 740 1757 et
762 1695 1013 1776 κατειργόμενον,
1037 1696 1233 1758 continetur.
1281 1694 1384 1757 Huius

154 1802 242 1864 enim
266 1801 360 1864 verbi
384 1802 551 1864 notionem
579 1801 682 1880 «cogi,
709 1802 906 1865 necessitate
931 1802 1086 1882 exprimi»
1104 1803 1159 1865 vix
1178 1801 1256 1865 satis
1275 1807 1384 1865 tuetur

155 1906 249 1970 locus
264 1907 319 1982 IV,
336 1906 390 1983 63,
410 1907 444 1970 1:
469 1906 504 1970 τὸ
527 1905 645 1976 ἐλλιπὲς
666 1913 721 1988 τῆς
744 1908 875 1990 γνώμης
889 1945 934 1954 -
948 1907 1119 1991 εἱρχθῆναι,
1143 1909 1199 1972 ubi
1221 1907 1384 1990 εἱρχθῆναι

155 2014 263 2092 potius
291 2013 477 2093 «impediri»
505 2031 603 2094 quam
630 2013 742 2090 «cogi»
771 2009 823 2097 (cl.
849 2013 926 2078 adn.
952 2013 1080 2100 Stahlii)
1110 2015 1211 2086 valet;
1242 2013 1300 2078 sed
1328 2013 1384 2092 qui

155 2118 324 2184 Reiskium
349 2120 454 2182 secuti
477 2119 730 2201 κατειργομένῳ
756 2120 830 2205 (<‹ei‚
858 2121 914 2201 qui
938 2120 1025 2184 bello
1049 2127 1149 2200 atque
1173 2119 1282 2199 aliquo
1302 2118 1382 2198 peri·

155 2227 228 2289 culo
255 2223 479 2311 prematur»)
509 2227 720 2306 scripserunt,
756 2227 790 2289 in
822 2227 920 2290 aliam
945 2225 1168 2290 difficultatem
1190 2225 1279 2288 haud
1302 2241 1382 2288 sane
1474 2261 1477 2265 -

155 2333 314 2396 minorem
347 2332 543 2396 inciderunt.
592 2331 689 2395 Nullo
713 2334 802 2396 enim
825 2333 900 2397 loco
925 2340 981 2398 aut
1004 2333 1201 2414 Thucydidis
1224 2337 1281 2395 aut
1303 2331 1382 2395 alio·

155 2457 226 2502 rum
264 2439 489 2501 accusativum
526 2443 590 2501 πᾶν
627 2456 685 2518 pro
723 2438 879 2504 adverbio
917 2441 1060 2520 positum
1097 2435 1240 2502 omnino
1272 2439 1382 2504 valere

155 2546 330 2625 probatum
354 2551 418 2621 est;
445 2563 522 2608 nam
546 2564 629 2625 quos
653 2545 746 2610 locos
770 2553 938 2626 tamquam
963 2548 1086 2611 similes
1109 2546 1250 2611 afferunt
1273 2543 1308 2632 (l,
1327 2545 1379 2622 70,

157 2652 191 2724 1;
219 2651 285 2727 Vll,
311 2651 365 2726 44,
392 2647 437 2734 4),
468 2652 498 2714 ci
526 2651 608 2715 alias
632 2651 880 2731 explanationes
905 2673 1027 2734 easque
1052 2651 1222 2718 facillimas
1246 2653 1379 2718 habent.

155 2757 266 2838 ltaque
304 2757 431 2820 nullum
468 2757 557 2821 aliud
593 2758 774 2822 remedium
807 2765 932 2826 restare
965 2761 1104 2837 videtur,
1144 2778 1243 2840 quam
1275 2767 1312 2822 ut
1342 2760 1381 2823 τὸ

157 2861 255 2948 (quod
285 2863 359 2928 cod.
387 2864 421 2927 F.
448 2882 467 2928 e
491 2882 574 2928 corr.
606 2863 749 2950 exhibet)
780 2885 840 2945 pro
866 2875 913 2949 τῷ
941 2867 1122 2932 scribentes
1152 2872 1215 2929 πᾶν
1242 2865 1276 2928 τὸ
1307 2889 1381 2928 κατ-

155 2972 337 3053 ειργόμενον
360 2989 419 3050 pro
442 2971 561 3042 πάντας
582 2971 654 3042 τοὺς
677 2975 940 3055 κατειργομένους
965 2970 1018 3058 (cf.
1044 2973 1110 3048 Vll,
1128 2973 1181 3048 44,
1199 2973 1235 3034 4;
1260 2977 1324 3034 πᾶν
1346 2971 1381 3034 τὸ

154 3077 188 3150 ἐξ
205 3075 356 3162 ἐναντίας)
377 3077 500 3140 dictum
521 3066 594 3142 esse
614 3083 807 3155 statuamus
835 3085 870 3142 ut
889 3079 1077 3162 ξύγγνοιμόν
1094 3103 1121 3141 τι
1141 3075 1242 3142 uenia
1262 3073 1381 3160 eliqua

156 3179 301 3265 dignum
335 3183 453 3259 valeat,
489 3182 529 3247 cf.
557 3185 607 3260 ΙΙΙ,
633 3185 687 3258 40,
717 3186 751 3248 1:
787 3186 975 3268 ξύγγνωμον
1003 3187 1033 3248 δ’
1064 3186 1124 3248 ἐστὶ
1150 3185 1185 3248 τὸ
1213 3184 1377 3258 ἀκούσιον;

155 3290 353 3371 ξυγγνώμσιν
376 3290 462 3352 enim
487 3289 527 3353 de
550 3291 737 3354 hominibus
761 3294 793 3354 vi
813 3293 943 3372 passiva
961 3293 1102 3372 positum
1123 3295 1254 3372 propter
1271 3288 1380 3368 ipsum

153 3401 305 3459 neutrum
337 3401 400 3458 πᾶν
433 3395 507 3459 ferri
539 3415 637 3475 posse
669 3398 807 3462 videtur.
856 3399 941 3462 Ante
965 3399 1109 3462 dativum
1133 3397 1264 3478 πολέμῳ
1288 3397 1377 3458 artie.

151 3501 185 3564 τὸ
208 3501 363 3566 facillime
387 3502 421 3564 in
443 3508 491 3582 τῷ
512 3503 650 3566 transire
674 3505 831 3584 potuisse,
857 3506 891 3568 in
915 3505 1096 3585 conspicuo
1118 3510 1176 3567 est.
1220 3500 1379 3586 [Gertzius

150 3609 248 3671 πάνυ
264 3657 270 3670 .
287 3657 293 3670 .
307 3616 354 3690 τῷ
368 3659 375 3670 .
391 3657 397 3670 .
412 3631 557 3689 κατειρνο
562 3609 664 3691 μένῳ
689 3609 832 3696 conicit.)
853 3648 895 3658 —-
909 3612 943 3674 ln
969 3611 1033 3674 fine
1056 3611 1171 3690 capitis
1190 3625 1379 3688 perversam

152 3716 376 3779 coniecturam
411 3713 577 3792 Popponis
614 3717 815 3790 σπεύδουσιν,
854 3718 942 3798 quod
980 3715 1117 3781 verbum
1153 3709 1303 3786 studere
1326 3716 1379 3778 hic

149 3819 354 3900 interpretari
387 3820 440 3882 vix
474 3818 551 3883 licet
584 3817 673 3906 (nam
707 3823 797 3887 notio
820 3817 1027 3906 festinandi
1055 3840 1169 3902 parum
1198 3825 1276 3900 apta
1303 3819 1376 3906 est),

150 3924 294 3990 Stahlius
332 3943 419 3990 nova
456 3927 647 3991 coniectura
679 3929 771 3991 εἴκειν
803 3948 862 4009 pro
895 3932 989 3993 εἰπεῖν
1022 3927 1169 3991 scribens
1202 3925 1378 3994 defendere

151 4033 330 4108 contendit,
358 4031 488 4106 frustra,
520 4034 650 4113 opinor;
681 4051 740 4113 pro
764 4036 958 4109 σπένδουσιν,
989 4036 1016 4098 si
1045 4035 1177 4114 quidem
1199 4037 1378 4114 genuinum

150 4145 208 4215 est,
234 4139 344 4219 potius
367 4137 519 4207 σπονδαῖς
541 4141 592 4202 vel
617 4139 722 4203 simile
746 4141 911 4222 quidpiam
937 4143 1094 4220 scriptum
1118 4137 1375 4224 suppleat:

150 4245 220 4307 οὐδ’
254 4243 295 4307 αὗ
328 4245 514 4308 donodono
547 4245 595 4328 [oi
625 4247 780 4330 Βοιωτοὶ]
813 4246 900 4332 κτλ),
941 4245 1029 4328 quod
1063 4252 1179 4327 postea
1211 4263 1312 4324 prave
1344 4249 1377 4311 in

150 4352 333 4414 σπένδουσιν
356 4355 543 4414 correctum
567 4357 626 4416 est.

247 4457 329 4530 100,
358 4457 378 4519 2
411 4452 513 4519 verba
546 4459 672 4537 ὥσπερ
700 4458 815 4522 αὐλὸν
843 4461 972 4540 proprie
1000 4459 1040 4522 ad
1066 4459 1229 4523 ἐκοίλαναν
1253 4460 1379 4524 ἅπασαν

150 4563 344 4641 pertinentia
367 4567 522 4640 suspecta
547 4562 721 4628 collocatio
745 4565 863 4630 reddit.
1034 4563 1036 4569 '
