3262 5052
684 323 686 328 '
740 339 802 404 123

167 515 197 582 si
220 513 453 584 reconciliatio
470 513 579 602 facta
607 514 681 594 erit,
714 513 810 582 uobis
834 513 994 600 gratiam
1024 510 1208 579 habebant.
1235 551 1277 559 —
1300 512 1323 599 ξ
1346 514 1377 578 3.

164 661 203 670 -
217 626 321 688 αὐτῶν
339 649 371 688 τε
388 625 676 707 προκαλεσαμένων
698 625 919 706 χαρισαμένοις
935 647 967 686 τε
985 623 1104 705 μᾶλλον
1122 624 1141 704 ἢ
1160 621 1379 704 βιασαμένοις]

161 731 296 796 editores
314 737 461 796 vertunt:
490 737 542 795 «et
559 749 635 795 cum
653 749 713 795 vos
733 731 835 811 gratia
853 731 963 810 potius
983 747 1081 810 quam
1100 729 1132 791 vi
1150 727 1202 790 usi
1215 724 1377 801 fueritis»;

160 838 214 902 sed
237 856 313 900 cum
336 837 554 902 Athenienses
584 838 742 902 adversus
767 836 1047 900 Lacedaemonios
1071 834 1300 924 necessitatem
1324 831 1378 896 ad-

160 943 268 1008 hibere
300 962 399 1024 posse
430 945 540 1024 inepte
573 944 738 1020 dicantur,
774 942 984 1019 sententiam,
1020 943 1151 1023 opinor,
1186 941 1271 1004 hano
1305 957 1378 1005 esse

158 1068 291 1114 necesse
315 1057 380 1114 est:
415 1053 448 1114 et
466 1047 584 1132 potins
609 1045 807 1139 gratificati
829 1067 935 1133 quom
960 1046 1079 1127 coacti,
1114 1067 1213 1129 quam
1245 1047 1380 1127 praebet

158 1156 261 1232 Laur„
297 1158 332 1220 in
365 1175 430 1238 quo
463 1158 705 1239 βιασαμένων
739 1153 797 1241 (εο.
824 1157 938 1228 αὐτῶν,
970 1162 1034 1219 τῶν
1057 1154 1187 1240 Λακεό.)
1213 1154 1375 1218 scribitur.

159 1261 264 1328 Causa
287 1264 398 1328 mendi
420 1264 454 1326 in
478 1269 553 1327 cett.
581 1263 677 1327 codd.
703 1261 780 1326 tacti
803 1263 838 1325 in
862 1263 1042 1342 conspicuo
1057 1269 1126 1336 est.

246 1369 306 1448 21,
337 1371 366 1434 1.
400 1369 473 1440 τοὺς
490 1370 679 1453 Ἀθηναίους
710 1370 744 1432 έν
772 1377 818 1451 τῷ
844 1368 917 1450 πρὶν
949 1368 1058 1450 χρόνῳ
1082 1407 1124 1414 -
1149 1369 1316 1452 διδομένης
1345 1369 1379 1432 δὲ

158 1477 279 1560 εἰρήνης
310 1477 390 1561 κτλ]
421 1484 496 1557 post
528 1477 561 1540 iv
593 1475 788 1556 particulam
819 1476 887 1557 μὲν
915 1476 1077 1540 excidisse
1106 1476 1265 1556 suspicor,
1302 1494 1379 1540 cum

157 1585 267 1662 partic.
295 1583 330 1646 di
353 1603 419 1648 non
442 1583 563 1648 habeat
586 1585 639 1647 cui
663 1580 892 1663 respondeat.l

239 1690 303 1783 Ι22,
328 1690 359 1754 2.
394 1690 470 1754 ἀλλὰ
499 1692 531 1754 εἴ
552 1714 578 1753 τι
605 1691 688 1772 ὑγιὲς
712 1691 916 1762 διανοοῦνται,
945 1691 1042 1772 λέγειν
1062 1677 1224 1753 ἐκέλευσεν
1247 1689 1378 1773 ἅπασιν]

158 1813 253 1876 supra
276 1814 356 1860 sane
387 1805 433 1878 τῷ
464 1797 523 1878 μὲν
554 1797 668 1878 πλήθει
700 1795 794 1858 οὐδέν
825 1797 987 1860 ἐθέλουσιν
1019 1799 1113 1860 εἰπεῖν
1136 1796 1377 1876 praepositione

160 1920 224 1965 non
257 1903 367 1967 addita
394 1903 560 1979 scribitur3
600 1903 657 1966 sed
695 1921 772 1966 oum
803 1902 906 1966 verba
939 1922 1024 1984 quae
1056 1903 1202 1984 proxime
1236 1919 1377 1981 sequun-

155 2012 219 2073 tur:
244 2047 289 2056 -
312 2012 383 2074 οὔτε
410 2011 512 2092 σφίσιν
541 2010 608 2073 οἷόν
634 2033 666 2072 τε
693 2011 730 2072 ὃν
757 2011 794 2072 ἐν
821 2010 935 2092 πλήθει
964 2011 1058 2073 εἰπεῖν
1084 2009 1305 2089 inspiciemus
1341 2009 1378 2070 ἐν

157 2115 268 2180 ἅπασιν
293 2113 346 2200 (ci.
372 2117 411 2193 V,
438 2117 491 2193 84,
518 2116 553 2181 3:
579 2109 699 2187 ’ἐντοῖς
722 2117 833 2198 ἀρχαῖς
848 2166 854 2180 .
870 2165 876 2178 .
892 2117 1002 2198 λέγειν;
1030 2116 1082 2190 Vl,
1104 2115 1157 2191 ⁶25,
1182 2115 1215 2178 1:
1242 2115 1378 2177 ἐναντίον

157 2220 313 2308 ἁπάντων)
338 2225 495 2304 scriptum
519 2221 618 2287 fuisse
641 2224 710 2288 veri
734 2223 838 2288 simile
862 2222 911 2298 fit3
938 2241 1015 2286 uam
1038 2220 1189 2285 facillime
1213 2238 1323 2300 praep.
1345 2221 1379 2282 έν

156 2335 227 2407 post
260 2353 310 2392 -εν
342 2331 493 2395 excidere
526 2337 662 2410 poterat.
721 2327 883 2394 Cobetum
916 2335 1138 2394 correctorem
1171 2327 1378 2407 praecepisse

156 2435 259 2500 video.

244 2542 304 2616 23,
328 2542 359 2606 2.
385 2543 633 2626 Πελοποννήσιοι
657 2543 691 2606 δὲ
712 2545 745 2606 έν
763 2567 794 2606 τε
812 2549 848 2625 τῇ
867 2543 989 2625 ἠπείρῳ
1007 2541 1188 2624 στρατοπεό.
1208 2540 1262 2604 καὶ
1280 2563 1378 2622 προσ-

157 2649 252 2730 βολὰς
278 2650 461 2732 ποιούμενοι
487 2658 533 2733 τῷ
559 2653 662 2732 τείχει]
697 2648 841 2714 Siahlius
864 2649 960 2712 codd.
987 2649 1025 2713 A.
1052 2649 1088 2712 Β.
1115 2648 1150 2711 Ε.
1177 2647 1218 2711 Μ.
1245 2653 1378 2712 secutus

158 2757 269 2834 partic.
296 2779 331 2819 τε
355 2757 519 2836 expungit,
546 2775 621 2820 cum
639 2757 742 2821 «haec
762 2775 829 2820 non
848 2756 988 2832 diversa,
1013 2763 1050 2820 ut
1066 2779 1098 2818 ιε
1113 2791 1154 2800 -
1170 2754 1224 2817 καὶ
1242 2755 1375 2834 particc.

158 2861 298 2926 discerni
321 2863 457 2942 possint,
492 2863 549 2926 sed
583 2864 778 2927 coniuncta»
806 2881 880 2927 esse
903 2863 990 2926 dicit.
1040 2861 1105 2926 Sed
1129 2867 1204 2941 apte
1228 2860 1379 2924 custodia

156 2967 470 3048 Peloponnesiorum
507 2975 616 3034 castra
652 2970 842 3034 habentium
876 2975 909 3032 et
939 2969 1080 3050 impetus
1113 2967 1155 3031 ab
1189 2967 1313 3030 eisdem
1345 2967 1378 3028 in

158 3075 354 3139 munitiones
368 3075 617 3140 Atheniensium
641 3074 718 3140 iacti
741 3077 827 3140 inter
849 3093 885 3138 se
909 3081 1128 3156 opponuntur.
1169 3073 1216 3136 De
1239 3097 1270 3135 ιε
1293 3078 1375 3152 part.

158 3187 232 3246 ante
257 3182 380 3245 litteras
402 3207 455 3265 ιη-
480 3183 602 3246 omissa
625 3181 683 3247 cir.
710 3183 777 3258 Vll,
803 3181 857 3256 29,
884 3181 920 3254 23
946 3181 999 3257 33,
1026 3180 1061 3254 3;
1089 3180 1141 3254 70,
1169 3181 1199 3243 7.
1217 3179 1378 3242 -Paulo

160 3297 233 3353 ante
257 3289 373 3353 melius
397 3287 534 3354 fortasse
558 3291 720 3360 ἁπάσαις
744 3287 903 3363 scribitur,
930 3295 966 3351 ut
984 3289 1071 3352 idem
1091 3285 1273 3351 subiectum
1288 3283 1379 3349 verbi

157 3397 360 3478 περιώρμοον
383 3401 480 3476 atque
504 3397 664 3477 participii
687 3397 901 3478 περιπλέοντες
924 3393 989 3459 fiat.

247 3501 306 3576 24,
330 3499 362 3564 5.
389 3539 431 3546 —
455 3503 491 3566 ἐκ
513 3504 661 3585 μεγάλων
684 3503 830 3584 πελαγῶν
858 3537 899 3546 —-
923 3503 1111 3566 ἐσπιπιουσα
1134 3501 1154 3582 ἡ
1178 3499 1324 3563 θάλασσα
1348 3497 1380 3567 ἐς

157 3607 251 3693 aad]
273 3625 455 3688 pronomen
479 3609 555 3672 αὐτὸ
579 3609 620 3672 ad
645 3610 794 3689 superius
816 3613 907 3671 τοῦτο
933 3607 965 3695 (i.
987 3627 1016 3674 e.
1038 3609 1059 3671 ὁ
1081 3605 1244 3688 πορθμὸς)
1267 3603 1379 3670 reterri

158 3720 263 3794 potest
290 3715 377 3778 illud
398 3715 545 3795 quidem;
580 3716 638 3780 sed
667 3713 808 3789 offendit,
845 3716 933 3795 quod
957 3719 976 3800 ἡ
1000 3715 1145 3778 θάλασσα
1169 3711 1248 3776 illud
1273 3713 1380 3793 ipsum

157 3817 271 3886 fretum
306 3826 356 3886 est
389 3818 442 3905 (ot.
469 3821 564 3884 huius
588 3820 611 3907 ξ
634 3819 705 3907 in).
754 3821 867 3884 Potius
900 3821 1111 3888 scribendum
1144 3825 1194 3884 est
1216 3808 1252 3890 ἐς
1270 3819 1380 3883 ταύτὸ

159 3922 210 4010 (de
234 3926 338 3990 torma
362 3925 402 3990 oi.
428 3927 481 4004 64,
508 3925 559 4014 2);
586 3925 622 3992 in
647 3923 796 3992 eundem
819 3923 942 3992 locum.

246 4034 306 4106 ⁵25,
339 4033 369 4096 9.
405 4035 436 4096 οἱ
462 4033 620 4098 Λεοντῖνοι
652 4037 736 4116 σφίσι
768 4035 822 4096 καλ
854 4035 884 4097 oi
915 4037 1002 4100 ἄλλοι
1027 4033 1172 4116 Ἕλληνες
1204 4032 1381 4116 ξύμμαχοι]

248 4316 256 4346 ¹
276 4315 377 4370 Dubito
396 4331 431 4369 an
450 4316 548 4370 eadem
568 4315 660 4386 partic
680 4317 698 4378 l,
720 4315 762 4384 10,
780 4316 797 4368 2
816 4319 877 4384 post
896 4317 1115 4384 Λακεδαιμονίων
1134 4314 1309 4378 interciderit;
1339 4313 1381 4367 vis

159 4405 229 4459 enim
257 4404 499 4473 argumentationis
523 4419 578 4458 non
599 4405 638 4460 eis
657 4404 730 4466 solis,
761 4419 831 4472 quae
850 4401 884 4456 de
903 4408 971 4460 urbe
990 4403 1271 4461 Lacedaemoniorum
1290 4401 1382 4457 dicun-

158 4496 206 4559 tur,
236 4493 285 4548 sed
313 4493 516 4561 comparatione
544 4495 652 4548 urbium
671 4490 954 4549 Lacedaemoniorum
973 4501 1000 4549 et
1020 4491 1228 4548 Atheniensium
1253 4493 1290 4562 (v.
1311 4489 1383 4547 infra

156 4580 297 4650 ’λθηναίων
315 4579 348 4634 δὲ
366 4581 434 4647 κτλ.)
453 4580 526 4634 iacta
544 4581 705 4636 continetur.
