<?xml version="1.0" encoding="UTF-8"?>
<!DOCTYPE html PUBLIC "-//W3C//DTD XHTML 1.0 Transitional//EN"
    "http://www.w3.org/TR/xhtml1/DTD/xhtml1-transitional.dtd">
<html xmlns="http://www.w3.org/1999/xhtml" xml:lang="en" lang="en">
 <head>
  <title>
</title>
<meta http-equiv="Content-Type" content="text/html;charset=utf-8" />
  <meta name='ocr-system' content='tesseract 3.04.00' />
  <meta name='ocr-capabilities' content='ocr_page ocr_carea ocr_par ocr_line ocrx_word'/>
</head>
<body>
  <div class='ocr_page' id='page_1' title='image "./commentariicrit00hudegoog_0092.png"; bbox 0 0 3244 5060; ppageno 0'>
   <div class='ocr_carea' id='block_1_1' title="bbox 18 498 1362 584">
    <p class='ocr_par' dir='ltr' id='par_1_1' title="bbox 18 498 1362 584">
     <span class='ocr_line' id='line_1_1' title="bbox 18 498 1362 584; baseline 0.001 -22"><span class='ocrx_word' id='word_1_1' title='bbox 18 550 22 574; x_wconf 95' lang='lat'>,</span> <span class='ocrx_word' id='word_1_2' title='bbox 135 498 204 584; x_wconf 73' lang='lat'>§3</span> <span class='ocrx_word' id='word_1_3' title='bbox 236 499 383 578; x_wconf 84' lang='lat' dir='ltr'>plerique</span> <span class='ocrx_word' id='word_1_4' title='bbox 416 506 543 578; x_wconf 91' lang='lat' dir='ltr'>praeter</span> <span class='ocrx_word' id='word_1_5' title='bbox 568 500 660 562; x_wconf 78' lang='lat' dir='ltr'>haur.</span> <span class='ocrx_word' id='word_1_6' title='bbox 696 499 782 564; x_wconf 87' lang='lat' dir='ltr'>male</span> <span class='ocrx_word' id='word_1_7' title='bbox 816 500 847 569; x_wconf 79' lang='grc' dir='ltr'>ἐς</span> <span class='ocrx_word' id='word_1_8' title='bbox 875 499 1017 581; x_wconf 80' lang='grc' dir='ltr'><strong><em>Εὔβοιον</em></strong></span> <span class='ocrx_word' id='word_1_9' title='bbox 1040 499 1207 579; x_wconf 81' lang='lat' dir='ltr'>praebent.</span> <span class='ocrx_word' id='word_1_10' title='bbox 1258 500 1362 564; x_wconf 91' lang='lat' dir='ltr'>Vatic.</span> 
     </span>
    </p>
   </div>
   <div class='ocr_carea' id='block_1_2' title="bbox 134 605 1365 794">
    <p class='ocr_par' dir='ltr' id='par_1_2' title="bbox 134 605 1365 794">
     <span class='ocr_line' id='line_1_2' title="bbox 135 605 1364 688; baseline 0.001 -20"><span class='ocrx_word' id='word_1_11' title='bbox 135 606 229 668; x_wconf 90' lang='lat' dir='ltr'>solus</span> <span class='ocrx_word' id='word_1_12' title='bbox 252 606 348 688; x_wconf 82' lang='grc' dir='ltr'><strong><em>ἀνῆγε</em></strong></span> <span class='ocrx_word' id='word_1_13' title='bbox 371 605 511 681; x_wconf 86' lang='lat' dir='ltr'>exhibet,</span> <span class='ocrx_word' id='word_1_14' title='bbox 538 606 627 685; x_wconf 86' lang='lat' dir='ltr'>quod</span> <span class='ocrx_word' id='word_1_15' title='bbox 650 611 818 685; x_wconf 82' lang='lat' dir='ltr'><strong>tamquam</strong></span> <span class='ocrx_word' id='word_1_16' title='bbox 842 605 1047 685; x_wconf 85' lang='lat' dir='ltr'>temporibus</span> <span class='ocrx_word' id='word_1_17' title='bbox 1070 605 1245 669; x_wconf 89' lang='lat' dir='ltr'>verborum</span> <span class='ocrx_word' id='word_1_18' title='bbox 1268 607 1364 688; x_wconf 84' lang='grc' dir='ltr'><strong><em>ἠναγ-</em></strong></span> 
     </span>
     <span class='ocr_line' id='line_1_3' title="bbox 134 711 1365 794; baseline 0.001 -19"><span class='ocrx_word' id='word_1_19' title='bbox 134 714 280 785; x_wconf 77' lang='grc' dir='ltr'><strong><em>κάζοντο,</em></strong></span> <span class='ocrx_word' id='word_1_20' title='bbox 313 712 444 784; x_wconf 80' lang='grc' dir='ltr'><strong><em>ἐπέπλει,</em></strong></span> <span class='ocrx_word' id='word_1_21' title='bbox 476 713 633 794; x_wconf 79' lang='grc' dir='ltr'><strong><em>ἐπλήρουν</em></strong></span> <span class='ocrx_word' id='word_1_22' title='bbox 661 713 912 776; x_wconf 87' lang='lat' dir='ltr'>convenientius</span> <span class='ocrx_word' id='word_1_23' title='bbox 937 711 1081 776; x_wconf 84' lang='lat' dir='ltr'>Stuhlius</span> <span class='ocrx_word' id='word_1_24' title='bbox 1104 713 1270 792; x_wconf 88' lang='lat' dir='ltr'>praetulit;</span> <span class='ocrx_word' id='word_1_25' title='bbox 1306 713 1365 776; x_wconf 87' lang='lat' dir='ltr'>sed</span> 
     </span>
    </p>
   </div>
   <div class='ocr_carea' id='block_1_3' title="bbox 36 813 1364 900">
    <p class='ocr_par' dir='ltr' id='par_1_3' title="bbox 36 813 1364 900">
     <span class='ocr_line' id='line_1_4' title="bbox 36 813 1364 900; baseline 0 -18"><span class='ocrx_word' id='word_1_26' title='bbox 36 813 48 854; x_wconf 82' lang='lat'>·&#39;</span> <span class='ocrx_word' id='word_1_27' title='bbox 135 821 180 884; x_wconf 91' lang='lat' dir='ltr'>de</span> <span class='ocrx_word' id='word_1_28' title='bbox 212 817 414 899; x_wconf 89' lang='lat' dir='ltr'>profectione</span> <span class='ocrx_word' id='word_1_29' title='bbox 438 818 682 900; x_wconf 84' lang='lat' dir='ltr'>Agesandridae</span> <span class='ocrx_word' id='word_1_30' title='bbox 709 819 774 882; x_wconf 86' lang='lat' dir='ltr'>iam</span> <span class='ocrx_word' id='word_1_31' title='bbox 798 825 896 882; x_wconf 85' lang='lat' dir='ltr'>antea</span> <span class='ocrx_word' id='word_1_32' title='bbox 922 817 1009 882; x_wconf 85' lang='lat' dir='ltr'>facta</span> <span class='ocrx_word' id='word_1_33' title='bbox 1032 820 1173 883; x_wconf 86' lang='lat' dir='ltr'>aoristus</span> <span class='ocrx_word' id='word_1_34' title='bbox 1196 837 1255 900; x_wconf 90' lang='lat' dir='ltr'>pro</span> <span class='ocrx_word' id='word_1_35' title='bbox 1278 818 1364 900; x_wconf 90' lang='lat' dir='ltr'>plus-</span> 
     </span>
    </p>
   </div>
   <div class='ocr_carea' id='block_1_4' title="bbox 134 924 1366 1116">
    <p class='ocr_par' dir='ltr' id='par_1_4' title="bbox 134 924 1366 1116">
     <span class='ocr_line' id='line_1_5' title="bbox 135 924 1365 1007; baseline -0.002 -16"><span class='ocrx_word' id='word_1_36' title='bbox 135 924 383 1007; x_wconf 83' lang='lat' dir='ltr'>quamperfecto</span> <span class='ocrx_word' id='word_1_37' title='bbox 408 926 494 990; x_wconf 91' lang='lat' dir='ltr'>haud</span> <span class='ocrx_word' id='word_1_38' title='bbox 519 926 628 988; x_wconf 89' lang='lat' dir='ltr'>minus</span> <span class='ocrx_word' id='word_1_39' title='bbox 652 931 726 1005; x_wconf 88' lang='lat' dir='ltr'>apte</span> <span class='ocrx_word' id='word_1_40' title='bbox 750 927 891 1004; x_wconf 90' lang='lat' dir='ltr'>ponitur.</span> <span class='ocrx_word' id='word_1_41' title='bbox 937 927 973 989; x_wconf 90' lang='lat' dir='ltr'>ln</span> <span class='ocrx_word' id='word_1_42' title='bbox 998 927 1092 991; x_wconf 86' lang='lat' dir='ltr'>Laur.</span> <span class='ocrx_word' id='word_1_43' title='bbox 1119 926 1272 990; x_wconf 84' lang='lat' dir='ltr'>scribitur</span> <span class='ocrx_word' id='word_1_44' title='bbox 1295 927 1365 990; x_wconf 81' lang='grc' dir='ltr'><strong><em>ὄιέ-</em></strong></span> 
     </span>
     <span class='ocr_line' id='line_1_6' title="bbox 134 1033 1366 1116; baseline -0.001 -19"><span class='ocrx_word' id='word_1_45' title='bbox 134 1059 193 1116; x_wconf 82' lang='grc' dir='ltr'><strong><em>χει,</em></strong></span> <span class='ocrx_word' id='word_1_46' title='bbox 222 1033 312 1114; x_wconf 87' lang='lat' dir='ltr'>quod</span> <span class='ocrx_word' id='word_1_47' title='bbox 337 1033 471 1096; x_wconf 83' lang='lat' dir='ltr'>uerbum</span> <span class='ocrx_word' id='word_1_48' title='bbox 496 1033 583 1112; x_wconf 92' lang='lat' dir='ltr'>apud</span> <span class='ocrx_word' id='word_1_49' title='bbox 608 1033 833 1114; x_wconf 81' lang='lat' dir='ltr'>Thucydidem</span> <span class='ocrx_word' id='word_1_50' title='bbox 857 1033 957 1112; x_wconf 89' lang='lat' dir='ltr'>paulo</span> <span class='ocrx_word' id='word_1_51' title='bbox 981 1034 1086 1097; x_wconf 85' lang='lat' dir='ltr'>rarius</span> <span class='ocrx_word' id='word_1_52' title='bbox 1110 1052 1209 1114; x_wconf 83' lang='lat' dir='ltr'>quam</span> <span class='ocrx_word' id='word_1_53' title='bbox 1233 1034 1366 1116; x_wconf 82' lang='grc' dir='ltr'><strong><em>ἀπέχειν</em></strong></span> 
     </span>
    </p>
   </div>
   <div class='ocr_carea' id='block_1_5' title="bbox 7 1132 1364 1444">
    <p class='ocr_par' dir='ltr' id='par_1_5' title="bbox 7 1132 1364 1444">
     <span class='ocr_line' id='line_1_7' title="bbox 8 1132 1363 1231; baseline -0.001 -27"><span class='ocrx_word' id='word_1_54' title='bbox 8 1132 13 1231; x_wconf 66' lang='lat' dir='ltr'>j</span> <span class='ocrx_word' id='word_1_55' title='bbox 136 1142 269 1221; x_wconf 92' lang='lat' dir='ltr'>ponitur</span> <span class='ocrx_word' id='word_1_56' title='bbox 291 1140 371 1204; x_wconf 95' lang='lat' dir='ltr'>illud</span> <span class='ocrx_word' id='word_1_57' title='bbox 396 1140 538 1220; x_wconf 86' lang='lat' dir='ltr'>quidem,</span> <span class='ocrx_word' id='word_1_58' title='bbox 564 1158 673 1220; x_wconf 91' lang='lat' dir='ltr'>neque</span> <span class='ocrx_word' id='word_1_59' title='bbox 695 1147 807 1204; x_wconf 88' lang='lat' dir='ltr'>tamen</span> <span class='ocrx_word' id='word_1_60' title='bbox 829 1140 904 1204; x_wconf 89' lang='lat' dir='ltr'>ideo</span> <span class='ocrx_word' id='word_1_61' title='bbox 929 1141 1130 1204; x_wconf 85' lang='lat' dir='ltr'>reiciendum</span> <span class='ocrx_word' id='word_1_62' title='bbox 1155 1147 1205 1204; x_wconf 89' lang='lat' dir='ltr'>est</span> <span class='ocrx_word' id='word_1_63' title='bbox 1229 1138 1282 1226; x_wconf 90' lang='lat' dir='ltr'>(cf.</span> <span class='ocrx_word' id='word_1_64' title='bbox 1300 1140 1363 1205; x_wconf 91' lang='lat' dir='ltr'>lex.</span> 
     </span>
     <span class='ocr_line' id='line_1_8' title="bbox 8 1233 1364 1332; baseline -0.001 -20"><span class='ocrx_word' id='word_1_65' title='bbox 8 1260 13 1293; x_wconf 72' lang='lat'><em>³</em></span> <span class='ocrx_word' id='word_1_66' title='bbox 135 1245 291 1332; x_wconf 64' lang='grc' dir='ltr'><strong><em>Βαναία).</em></strong></span> <span class='ocrx_word' id='word_1_67' title='bbox 324 1285 359 1292; x_wconf 76' lang='lat'><em>-</em></span> <span class='ocrx_word' id='word_1_68' title='bbox 384 1233 407 1331; x_wconf 68' lang='grc' dir='ltr'>ξ</span> <span class='ocrx_word' id='word_1_69' title='bbox 430 1248 450 1310; x_wconf 78' lang='grc'>4</span> <span class='ocrx_word' id='word_1_70' title='bbox 473 1248 508 1310; x_wconf 92' lang='lat' dir='ltr'>in</span> <span class='ocrx_word' id='word_1_71' title='bbox 532 1248 636 1311; x_wconf 87' lang='lat' dir='ltr'>Vatic.</span> <span class='ocrx_word' id='word_1_72' title='bbox 672 1253 704 1311; x_wconf 92' lang='lat' dir='ltr'>et</span> <span class='ocrx_word' id='word_1_73' title='bbox 736 1247 809 1310; x_wconf 87' lang='lat' dir='ltr'>aliis</span> <span class='ocrx_word' id='word_1_74' title='bbox 842 1265 901 1327; x_wconf 90' lang='lat' dir='ltr'>pro</span> <span class='ocrx_word' id='word_1_75' title='bbox 934 1248 1058 1310; x_wconf 87' lang='lat' dir='ltr'>rariore</span> <span class='ocrx_word' id='word_1_76' title='bbox 1090 1249 1192 1312; x_wconf 84' lang='lat' dir='ltr'>verbo</span> <span class='ocrx_word' id='word_1_77' title='bbox 1225 1249 1364 1329; x_wconf 81' lang='grc' dir='ltr'><strong><em>ἐξαναγ-</em></strong></span> 
     </span>
     <span class='ocr_line' id='line_1_9' title="bbox 7 1353 1363 1444; baseline -0.001 -26"><span class='ocrx_word' id='word_1_78' title='bbox 7 1423 8 1444; x_wconf 26' lang='grc' dir='ltr'><strong><em>χ</em></strong></span> <span class='ocrx_word' id='word_1_79' title='bbox 134 1356 274 1427; x_wconf 86' lang='grc' dir='ltr'><strong><em>κάσειον,</em></strong></span> <span class='ocrx_word' id='word_1_80' title='bbox 308 1354 398 1435; x_wconf 88' lang='lat' dir='ltr'>quod</span> <span class='ocrx_word' id='word_1_81' title='bbox 431 1373 510 1418; x_wconf 90' lang='lat' dir='ltr'>usus</span> <span class='ocrx_word' id='word_1_82' title='bbox 543 1360 729 1434; x_wconf 86' lang='lat' dir='ltr'>poetarum,</span> <span class='ocrx_word' id='word_1_83' title='bbox 765 1355 924 1418; x_wconf 85' lang='lat' dir='ltr'>Herodoti</span> <span class='ocrx_word' id='word_1_84' title='bbox 960 1354 1009 1438; x_wconf 88' lang='lat' dir='ltr'>(ll,</span> <span class='ocrx_word' id='word_1_85' title='bbox 1045 1353 1088 1438; x_wconf 89' lang='grc'>3),</span> <span class='ocrx_word' id='word_1_86' title='bbox 1124 1355 1363 1435; x_wconf 76' lang='lat' dir='ltr'>Xenophontio,</span> 
     </span>
    </p>
   </div>
   <div class='ocr_carea' id='block_1_6' title="bbox 135 1461 1368 2828">
    <p class='ocr_par' dir='ltr' id='par_1_6' title="bbox 135 1461 1368 2828">
     <span class='ocr_line' id='line_1_10' title="bbox 135 1461 1367 1544; baseline -0.002 -18"><span class='ocrx_word' id='word_1_87' title='bbox 135 1463 278 1526; x_wconf 88' lang='lat' dir='ltr'>aliorum</span> <span class='ocrx_word' id='word_1_88' title='bbox 311 1461 391 1524; x_wconf 85' lang='lat' dir='ltr'>satis</span> <span class='ocrx_word' id='word_1_89' title='bbox 423 1468 541 1538; x_wconf 88' lang='lat' dir='ltr'>tuetur,</span> <span class='ocrx_word' id='word_1_90' title='bbox 577 1462 714 1542; x_wconf 85' lang='lat' dir='ltr'>simplex</span> <span class='ocrx_word' id='word_1_91' title='bbox 747 1462 958 1544; x_wconf 82' lang='grc' dir='ltr'><em>ἀναγκάσειαν</em></span> <span class='ocrx_word' id='word_1_92' title='bbox 989 1461 1200 1526; x_wconf 90' lang='lat' dir='ltr'>substitutum</span> <span class='ocrx_word' id='word_1_93' title='bbox 1232 1468 1298 1538; x_wconf 91' lang='lat' dir='ltr'>est;</span> <span class='ocrx_word' id='word_1_94' title='bbox 1332 1462 1367 1525; x_wconf 91' lang='lat' dir='ltr'>in</span> 
     </span>
     <span class='ocr_line' id='line_1_11' title="bbox 136 1567 1367 1651; baseline 0 -19"><span class='ocrx_word' id='word_1_95' title='bbox 136 1569 257 1632; x_wconf 86' lang='lat' dir='ltr'>eodem</span> <span class='ocrx_word' id='word_1_96' title='bbox 295 1568 380 1632; x_wconf 82' lang='lat' dir='ltr'>male</span> <span class='ocrx_word' id='word_1_97' title='bbox 417 1569 624 1650; x_wconf 75' lang='grc' dir='ltr'><strong><em>ἐναγαγέσόαι</em></strong></span> <span class='ocrx_word' id='word_1_98' title='bbox 662 1569 824 1644; x_wconf 85' lang='lat' dir='ltr'>scribitur,</span> <span class='ocrx_word' id='word_1_99' title='bbox 864 1567 949 1632; x_wconf 80' lang='lat' dir='ltr'>infra</span> <span class='ocrx_word' id='word_1_100' title='bbox 981 1571 1105 1633; x_wconf 82' lang='lat' dir='ltr'>rectius</span> <span class='ocrx_word' id='word_1_101' title='bbox 1137 1569 1367 1651; x_wconf 75' lang='grc' dir='ltr'><em>ἀναγαγόμενοι</em></span> 
     </span>
     <span class='ocr_line' id='line_1_12' title="bbox 138 1673 1366 1760; baseline 0 -22"><span class='ocrx_word' id='word_1_102' title='bbox 138 1679 229 1760; x_wconf 83' lang='lat' dir='ltr'>(cett.</span> <span class='ocrx_word' id='word_1_103' title='bbox 256 1673 416 1759; x_wconf 87' lang='grc' dir='ltr'><strong><em>ἀναγόμ.).</em></strong></span> <span class='ocrx_word' id='word_1_104' title='bbox 443 1713 483 1720; x_wconf 91' lang='grc'><strong>-</strong></span> <span class='ocrx_word' id='word_1_105' title='bbox 509 1675 531 1760; x_wconf 69' lang='grc' dir='ltr'>ξ</span> <span class='ocrx_word' id='word_1_106' title='bbox 555 1675 575 1738; x_wconf 83' lang='grc'><strong>5</strong></span> <span class='ocrx_word' id='word_1_107' title='bbox 600 1675 704 1740; x_wconf 81' lang='lat' dir='ltr'>Valic.</span> <span class='ocrx_word' id='word_1_108' title='bbox 731 1676 821 1738; x_wconf 88' lang='lat' dir='ltr'>solus</span> <span class='ocrx_word' id='word_1_109' title='bbox 845 1675 1083 1758; x_wconf 79' lang='grc' dir='ltr'><strong><em>ἐκτραπόμενοι</em></strong></span> <span class='ocrx_word' id='word_1_110' title='bbox 1107 1675 1247 1752; x_wconf 83' lang='lat' dir='ltr'>exhibet,</span> <span class='ocrx_word' id='word_1_111' title='bbox 1278 1676 1366 1757; x_wconf 88' lang='lat' dir='ltr'>quod</span> 
     </span>
     <span class='ocr_line' id='line_1_13' title="bbox 136 1757 1368 1864; baseline 0.006 -21"><span class='ocrx_word' id='word_1_112' title='bbox 136 1782 275 1845; x_wconf 90' lang='lat' dir='ltr'>verbnm</span> <span class='ocrx_word' id='word_1_113' title='bbox 301 1800 364 1846; x_wconf 90' lang='lat' dir='ltr'>nec</span> <span class='ocrx_word' id='word_1_114' title='bbox 388 1782 624 1862; x_wconf 78' lang='lat' dir='ltr'>significatione</span> <span class='ocrx_word' id='word_1_115' title='bbox 648 1782 805 1862; x_wconf 89' lang='lat' dir='ltr'>simplicis</span> <span class='ocrx_word' id='word_1_116' title='bbox 828 1757 1004 1864; x_wconf 76' lang='grc' dir='ltr'><strong><em>τραπέσθαι</em></strong></span> <span class='ocrx_word' id='word_1_117' title='bbox 1028 1801 1089 1848; x_wconf 88' lang='lat' dir='ltr'>nec</span> <span class='ocrx_word' id='word_1_118' title='bbox 1113 1801 1189 1846; x_wconf 88' lang='lat' dir='ltr'>curu</span> <span class='ocrx_word' id='word_1_119' title='bbox 1208 1783 1317 1847; x_wconf 88' lang='lat' dir='ltr'>verbis</span> <span class='ocrx_word' id='word_1_120' title='bbox 1336 1783 1368 1852; x_wconf 77' lang='grc' dir='ltr'>ἐς</span> 
     </span>
     <span class='ocr_line' id='line_1_14' title="bbox 136 1887 1365 1974; baseline 0 -22"><span class='ocrx_word' id='word_1_121' title='bbox 136 1889 244 1970; x_wconf 83' lang='grc' dir='ltr'><strong><em>φυγὴν</em></strong></span> <span class='ocrx_word' id='word_1_122' title='bbox 269 1889 483 1952; x_wconf 87' lang='lat' dir='ltr'>coniunctum</span> <span class='ocrx_word' id='word_1_123' title='bbox 507 1888 583 1952; x_wconf 83' lang='lat' dir='ltr'>olibi</span> <span class='ocrx_word' id='word_1_124' title='bbox 609 1895 706 1952; x_wconf 85' lang='lat' dir='ltr'>extat.</span> <span class='ocrx_word' id='word_1_125' title='bbox 734 1925 777 1936; x_wconf 90' lang='lat'>--</span> <span class='ocrx_word' id='word_1_126' title='bbox 800 1887 822 1974; x_wconf 66' lang='grc' dir='ltr'>ξ</span> <span class='ocrx_word' id='word_1_127' title='bbox 846 1889 867 1951; x_wconf 92' lang='grc'><strong>6</strong></span> <span class='ocrx_word' id='word_1_128' title='bbox 891 1889 996 1953; x_wconf 84' lang='lat' dir='ltr'>Vstic.</span> <span class='ocrx_word' id='word_1_129' title='bbox 1024 1890 1115 1952; x_wconf 91' lang='lat' dir='ltr'>solus</span> <span class='ocrx_word' id='word_1_130' title='bbox 1137 1891 1285 1972; x_wconf 83' lang='grc' dir='ltr'><strong><em>τείχισμα,</em></strong></span> <span class='ocrx_word' id='word_1_131' title='bbox 1314 1907 1365 1952; x_wconf 91' lang='lat' dir='ltr'>oe-</span> 
     </span>
     <span class='ocr_line' id='line_1_15' title="bbox 136 1995 1363 2077; baseline 0.001 -21"><span class='ocrx_word' id='word_1_132' title='bbox 136 1996 199 2058; x_wconf 89' lang='lat' dir='ltr'>teri</span> <span class='ocrx_word' id='word_1_133' title='bbox 228 1995 431 2077; x_wconf 80' lang='grc' dir='ltr'><strong><em>ἐπιτείχισμα</em></strong></span> <span class='ocrx_word' id='word_1_134' title='bbox 460 1995 632 2074; x_wconf 88' lang='lat' dir='ltr'>praebent;</span> <span class='ocrx_word' id='word_1_135' title='bbox 667 1995 757 2058; x_wconf 87' lang='lat' dir='ltr'>illam</span> <span class='ocrx_word' id='word_1_136' title='bbox 781 1995 976 2074; x_wconf 87' lang='lat' dir='ltr'>scripturam</span> <span class='ocrx_word' id='word_1_137' title='bbox 1001 1995 1154 2075; x_wconf 87' lang='lat' dir='ltr'>praetulit</span> <span class='ocrx_word' id='word_1_138' title='bbox 1176 1995 1363 2069; x_wconf 88' lang='lat' dir='ltr'>Arnoldius,</span> 
     </span>
     <span class='ocr_line' id='line_1_16' title="bbox 138 2097 1367 2184; baseline -0.002 -19"><span class='ocrx_word' id='word_1_139' title='bbox 138 2103 217 2182; x_wconf 88' lang='lat' dir='ltr'>quia</span> <span class='ocrx_word' id='word_1_140' title='bbox 253 2103 441 2184; x_wconf 80' lang='grc' dir='ltr'><strong><em>ἐπιτείχισμα</em></strong></span> <span class='ocrx_word' id='word_1_141' title='bbox 477 2103 511 2166; x_wconf 91' lang='lat' dir='ltr'>in</span> <span class='ocrx_word' id='word_1_142' title='bbox 548 2120 700 2166; x_wconf 86' lang='lat' dir='ltr'>sermone</span> <span class='ocrx_word' id='word_1_143' title='bbox 732 2102 944 2184; x_wconf 82' lang='lat' dir='ltr'>Thucydideo</span> <span class='ocrx_word' id='word_1_144' title='bbox 979 2099 1205 2166; x_wconf 82' lang='lat' dir='ltr'>munitionem</span> <span class='ocrx_word' id='word_1_145' title='bbox 1238 2097 1287 2165; x_wconf 84' lang='lat' dir='ltr'>ud</span> <span class='ocrx_word' id='word_1_146' title='bbox 1319 2097 1367 2163; x_wconf 86' lang='lat' dir='ltr'>in·</span> 
     </span>
     <span class='ocr_line' id='line_1_17' title="bbox 142 2203 1367 2290; baseline 0 -18"><span class='ocrx_word' id='word_1_147' title='bbox 142 2203 324 2272; x_wconf 72' lang='lat' dir='ltr'>testandas</span> <span class='ocrx_word' id='word_1_148' title='bbox 357 2205 444 2273; x_wconf 86' lang='lat' dir='ltr'>alios</span> <span class='ocrx_word' id='word_1_149' title='bbox 476 2213 691 2274; x_wconf 70' lang='lat' dir='ltr'>eustructum</span> <span class='ocrx_word' id='word_1_150' title='bbox 724 2208 923 2290; x_wconf 80' lang='lat' dir='ltr'>significaret</span> <span class='ocrx_word' id='word_1_151' title='bbox 955 2227 1017 2273; x_wconf 88' lang='lat' dir='ltr'>nec</span> <span class='ocrx_word' id='word_1_152' title='bbox 1046 2207 1142 2272; x_wconf 86' lang='lat' dir='ltr'>facile</span> <span class='ocrx_word' id='word_1_153' title='bbox 1165 2208 1367 2272; x_wconf 79' lang='lat' dir='ltr'>Eretrienses</span> 
     </span>
     <span class='ocr_line' id='line_1_18' title="bbox 139 2315 1366 2397; baseline 0.002 -19"><span class='ocrx_word' id='word_1_154' title='bbox 139 2315 389 2380; x_wconf 87' lang='lat' dir='ltr'>Atheniensium</span> <span class='ocrx_word' id='word_1_155' title='bbox 417 2317 554 2397; x_wconf 90' lang='lat' dir='ltr'>imperio</span> <span class='ocrx_word' id='word_1_156' title='bbox 584 2316 712 2380; x_wconf 85' lang='lat' dir='ltr'>subacti</span> <span class='ocrx_word' id='word_1_157' title='bbox 740 2317 852 2381; x_wconf 93' lang='lat' dir='ltr'>hostes</span> <span class='ocrx_word' id='word_1_158' title='bbox 876 2317 942 2380; x_wconf 89' lang='lat' dir='ltr'>dici</span> <span class='ocrx_word' id='word_1_159' title='bbox 965 2321 1110 2395; x_wconf 90' lang='lat' dir='ltr'>possent.</span> <span class='ocrx_word' id='word_1_160' title='bbox 1161 2315 1225 2380; x_wconf 88' lang='lat' dir='ltr'>Sed</span> <span class='ocrx_word' id='word_1_161' title='bbox 1248 2334 1308 2395; x_wconf 88' lang='lat' dir='ltr'>per</span> <span class='ocrx_word' id='word_1_162' title='bbox 1330 2333 1366 2380; x_wconf 91' lang='lat' dir='ltr'>se</span> 
     </span>
     <span class='ocr_line' id='line_1_19' title="bbox 139 2417 1366 2504; baseline 0.002 -20"><span class='ocrx_word' id='word_1_163' title='bbox 139 2424 246 2501; x_wconf 90' lang='lat' dir='ltr'>ipsum</span> <span class='ocrx_word' id='word_1_164' title='bbox 275 2422 340 2484; x_wconf 90' lang='lat' dir='ltr'>hoo</span> <span class='ocrx_word' id='word_1_165' title='bbox 368 2422 566 2488; x_wconf 88' lang='lat' dir='ltr'>vocabulum</span> <span class='ocrx_word' id='word_1_166' title='bbox 590 2423 669 2486; x_wconf 92' lang='lat' dir='ltr'>nihil</span> <span class='ocrx_word' id='word_1_167' title='bbox 694 2423 781 2488; x_wconf 86' lang='lat' dir='ltr'>aliud</span> <span class='ocrx_word' id='word_1_168' title='bbox 805 2441 904 2504; x_wconf 86' lang='lat' dir='ltr'>quam</span> <span class='ocrx_word' id='word_1_169' title='bbox 930 2423 1170 2486; x_wconf 88' lang='lat' dir='ltr'>munimentum</span> <span class='ocrx_word' id='word_1_170' title='bbox 1194 2417 1366 2487; x_wconf 84' lang='lat' dir='ltr'>aduersus</span> 
     </span>
     <span class='ocr_line' id='line_1_20' title="bbox 140 2525 1365 2611; baseline -0.001 -19"><span class='ocrx_word' id='word_1_171' title='bbox 140 2525 227 2592; x_wconf 83' lang='lat' dir='ltr'>alios</span> <span class='ocrx_word' id='word_1_172' title='bbox 251 2527 459 2592; x_wconf 87' lang='lat' dir='ltr'>aedificatum</span> <span class='ocrx_word' id='word_1_173' title='bbox 484 2529 653 2610; x_wconf 82' lang='lat' dir='ltr'>significat,</span> <span class='ocrx_word' id='word_1_174' title='bbox 690 2549 774 2611; x_wconf 88' lang='lat' dir='ltr'>quae</span> <span class='ocrx_word' id='word_1_175' title='bbox 798 2530 900 2602; x_wconf 88' lang='lat' dir='ltr'>notio,</span> <span class='ocrx_word' id='word_1_176' title='bbox 928 2547 1004 2593; x_wconf 89' lang='lat' dir='ltr'>oum</span> <span class='ocrx_word' id='word_1_177' title='bbox 1029 2528 1202 2592; x_wconf 85' lang='lat' dir='ltr'>castellum</span> <span class='ocrx_word' id='word_1_178' title='bbox 1226 2529 1268 2593; x_wconf 84' lang='lat' dir='ltr'>ad</span> <span class='ocrx_word' id='word_1_179' title='bbox 1293 2528 1365 2592; x_wconf 83' lang='lat' dir='ltr'>Ere·</span> 
     </span>
     <span class='ocr_line' id='line_1_21' title="bbox 140 2632 1367 2722; baseline 0 -24"><span class='ocrx_word' id='word_1_180' title='bbox 140 2637 279 2700; x_wconf 90' lang='lat' dir='ltr'>trienses</span> <span class='ocrx_word' id='word_1_181' title='bbox 318 2632 543 2700; x_wconf 85' lang='lat' dir='ltr'>cohercendos</span> <span class='ocrx_word' id='word_1_182' title='bbox 576 2643 777 2700; x_wconf 88' lang='lat' dir='ltr'>exstructum</span> <span class='ocrx_word' id='word_1_183' title='bbox 810 2635 912 2702; x_wconf 88' lang='lat' dir='ltr'>fuisse</span> <span class='ocrx_word' id='word_1_184' title='bbox 936 2644 1092 2716; x_wconf 84' lang='lat' dir='ltr'>appareat</span> <span class='ocrx_word' id='word_1_185' title='bbox 1117 2633 1170 2722; x_wconf 85' lang='lat' dir='ltr'>(cf.</span> <span class='ocrx_word' id='word_1_186' title='bbox 1196 2637 1312 2700; x_wconf 90' lang='lat' dir='ltr'>verba:</span> <span class='ocrx_word' id='word_1_187' title='bbox 1348 2636 1367 2698; x_wconf 85' lang='grc' dir='ltr'>δ</span> 
     </span>
     <span class='ocr_line' id='line_1_22' title="bbox 140 2741 1367 2828; baseline 0 -24"><span class='ocrx_word' id='word_1_188' title='bbox 140 2741 223 2824; x_wconf 81' lang='grc' dir='ltr'><strong><em>εἶχον</em></strong></span> <span class='ocrx_word' id='word_1_189' title='bbox 246 2741 334 2806; x_wconf 83' lang='grc' dir='ltr'><strong><em>αὐτοὶ</em></strong></span> <span class='ocrx_word' id='word_1_190' title='bbox 358 2741 406 2825; x_wconf 82' lang='grc' dir='ltr'><strong><em>[οἱ</em></strong></span> <span class='ocrx_word' id='word_1_191' title='bbox 423 2743 626 2828; x_wconf 70' lang='grc' dir='ltr'><strong><em>Ἀθηναῖοιί),</em></strong></span> <span class='ocrx_word' id='word_1_192' title='bbox 656 2745 826 2823; x_wconf 88' lang='lat' dir='ltr'>aptissima</span> <span class='ocrx_word' id='word_1_193' title='bbox 849 2751 908 2808; x_wconf 86' lang='lat' dir='ltr'>est.</span> <span class='ocrx_word' id='word_1_194' title='bbox 959 2742 1189 2808; x_wconf 88' lang='lat' dir='ltr'>Correoturam</span> <span class='ocrx_word' id='word_1_195' title='bbox 1212 2741 1367 2806; x_wconf 83' lang='lat' dir='ltr'>vocabuli</span> 
     </span>
    </p>
   </div>
   <div class='ocr_carea' id='block_1_7' title="bbox 10 2846 1366 2937">
    <p class='ocr_par' dir='ltr' id='par_1_7' title="bbox 10 2846 1366 2937">
     <span class='ocr_line' id='line_1_23' title="bbox 10 2846 1366 2937; baseline -0.001 -25"><span class='ocrx_word' id='word_1_196' title='bbox 10 2926 15 2937; x_wconf 38' lang='grc' dir='ltr'>Ι</span> <span class='ocrx_word' id='word_1_197' title='bbox 141 2867 255 2927; x_wconf 86' lang='lat' dir='ltr'>parum</span> <span class='ocrx_word' id='word_1_198' title='bbox 288 2849 445 2913; x_wconf 90' lang='lat' dir='ltr'>intellecti</span> <span class='ocrx_word' id='word_1_199' title='bbox 473 2850 609 2914; x_wconf 89' lang='lat' dir='ltr'>subesse</span> <span class='ocrx_word' id='word_1_200' title='bbox 633 2851 793 2930; x_wconf 87' lang='lat' dir='ltr'>suspicari</span> <span class='ocrx_word' id='word_1_201' title='bbox 816 2851 903 2914; x_wconf 89' lang='lat' dir='ltr'>licet.</span> <span class='ocrx_word' id='word_1_202' title='bbox 929 2887 974 2896; x_wconf 90' lang='lat'><em>-</em></span> <span class='ocrx_word' id='word_1_203' title='bbox 997 2849 1020 2935; x_wconf 67' lang='grc' dir='ltr'>ξ</span> <span class='ocrx_word' id='word_1_204' title='bbox 1044 2851 1063 2913; x_wconf 85' lang='grc'>7</span> <span class='ocrx_word' id='word_1_205' title='bbox 1088 2850 1280 2930; x_wconf 89' lang='lat' dir='ltr'>exquisitior</span> <span class='ocrx_word' id='word_1_206' title='bbox 1303 2846 1366 2912; x_wconf 88' lang='lat' dir='ltr'>lor-</span> 
     </span>
    </p>
   </div>
   <div class='ocr_carea' id='block_1_8' title="bbox 141 2954 1369 4640">
    <p class='ocr_par' dir='ltr' id='par_1_8' title="bbox 141 2954 1369 3252">
     <span class='ocr_line' id='line_1_24' title="bbox 141 2954 1368 3040; baseline -0.002 -20"><span class='ocrx_word' id='word_1_207' title='bbox 141 2963 227 3020; x_wconf 87' lang='lat' dir='ltr'>tasse</span> <span class='ocrx_word' id='word_1_208' title='bbox 251 2963 301 3021; x_wconf 89' lang='lat' dir='ltr'>est</span> <span class='ocrx_word' id='word_1_209' title='bbox 326 2955 501 3020; x_wconf 85' lang='lat' dir='ltr'>collocatio</span> <span class='ocrx_word' id='word_1_210' title='bbox 524 2958 653 3040; x_wconf 80' lang='grc' dir='ltr'><strong><em>ὕστερον</em></strong></span> <span class='ocrx_word' id='word_1_211' title='bbox 675 2959 714 3020; x_wconf 86' lang='grc' dir='ltr'><strong><em>οὐ</em></strong></span> <span class='ocrx_word' id='word_1_212' title='bbox 736 2959 853 3039; x_wconf 79' lang='grc' dir='ltr'><strong><em>πολλῷ,</em></strong></span> <span class='ocrx_word' id='word_1_213' title='bbox 878 2976 976 3038; x_wconf 89' lang='lat' dir='ltr'>quam</span> <span class='ocrx_word' id='word_1_214' title='bbox 992 2958 1098 3022; x_wconf 89' lang='lat' dir='ltr'>Vatio.</span> <span class='ocrx_word' id='word_1_215' title='bbox 1121 2957 1212 3020; x_wconf 90' lang='lat' dir='ltr'>solus</span> <span class='ocrx_word' id='word_1_216' title='bbox 1236 2954 1368 3020; x_wconf 89' lang='lat' dir='ltr'>exhibet</span> 
     </span>
     <span class='ocr_line' id='line_1_25' title="bbox 144 3061 1369 3149; baseline -0.002 -23"><span class='ocrx_word' id='word_1_217' title='bbox 144 3061 195 3146; x_wconf 85' lang='lat' dir='ltr'>(cf.</span> <span class='ocrx_word' id='word_1_218' title='bbox 227 3062 330 3128; x_wconf 82' lang='lat' dir='ltr'>Stahl.</span> <span class='ocrx_word' id='word_1_219' title='bbox 363 3062 404 3126; x_wconf 83' lang='lat' dir='ltr'>ad</span> <span class='ocrx_word' id='word_1_220' title='bbox 433 3063 455 3139; x_wconf 92' lang='lat' dir='ltr'>l,</span> <span class='ocrx_word' id='word_1_221' title='bbox 490 3063 540 3138; x_wconf 89' lang='lat'>18,</span> <span class='ocrx_word' id='word_1_222' title='bbox 572 3061 621 3149; x_wconf 82' lang='grc'>2);</span> <span class='ocrx_word' id='word_1_223' title='bbox 657 3062 696 3128; x_wconf 83' lang='lat' dir='ltr'>ef.</span> <span class='ocrx_word' id='word_1_224' title='bbox 732 3072 843 3128; x_wconf 85' lang='lat' dir='ltr'>tamen</span> <span class='ocrx_word' id='word_1_225' title='bbox 878 3065 929 3139; x_wconf 89' lang='lat'>11,</span> <span class='ocrx_word' id='word_1_226' title='bbox 961 3063 997 3135; x_wconf 78' lang='lat'>2;</span> <span class='ocrx_word' id='word_1_227' title='bbox 1035 3064 1085 3136; x_wconf 88' lang='lat'>17,</span> <span class='ocrx_word' id='word_1_228' title='bbox 1120 3064 1154 3126; x_wconf 89' lang='lat'>1:</span> <span class='ocrx_word' id='word_1_229' title='bbox 1190 3063 1228 3125; x_wconf 85' lang='grc' dir='ltr'><strong><em>οὐ</em></strong></span> <span class='ocrx_word' id='word_1_230' title='bbox 1260 3061 1369 3143; x_wconf 76' lang='grc' dir='ltr'><strong><em>πολλῷ</em></strong></span> 
     </span>
     <span class='ocr_line' id='line_1_26' title="bbox 142 3170 278 3252; baseline 0.022 -22"><span class='ocrx_word' id='word_1_231' title='bbox 142 3170 278 3252; x_wconf 84' lang='grc' dir='ltr'><strong><em>ὕστερον.</em></strong></span> 
     </span>
    </p>

    <p class='ocr_par' dir='ltr' id='par_1_9' title="bbox 142 3275 1368 4640">
     <span class='ocr_line' id='line_1_27' title="bbox 231 3275 1368 3363; baseline -0.003 -23"><span class='ocrx_word' id='word_1_232' title='bbox 231 3276 291 3354; x_wconf 82' lang='grc'>96,</span> <span class='ocrx_word' id='word_1_233' title='bbox 318 3277 334 3339; x_wconf 95' lang='grc'>1</span> <span class='ocrx_word' id='word_1_234' title='bbox 359 3277 394 3338; x_wconf 92' lang='lat' dir='ltr'>in</span> <span class='ocrx_word' id='word_1_235' title='bbox 419 3277 513 3340; x_wconf 87' lang='lat' dir='ltr'>Laur.</span> <span class='ocrx_word' id='word_1_236' title='bbox 539 3295 639 3340; x_wconf 86' lang='lat' dir='ltr'>manu</span> <span class='ocrx_word' id='word_1_237' title='bbox 663 3296 729 3342; x_wconf 90' lang='lat' dir='ltr'>rec.</span> <span class='ocrx_word' id='word_1_238' title='bbox 750 3278 878 3341; x_wconf 80' lang='grc' dir='ltr'><strong><em>οὐδέπω</em></strong></span> <span class='ocrx_word' id='word_1_239' title='bbox 901 3277 988 3363; x_wconf 88' lang='lat' dir='ltr'>(cett.</span> <span class='ocrx_word' id='word_1_240' title='bbox 1011 3277 1105 3341; x_wconf 82' lang='grc' dir='ltr'><strong><em>οὐδέν</em></strong></span> <span class='ocrx_word' id='word_1_241' title='bbox 1123 3275 1188 3361; x_wconf 75' lang='grc' dir='ltr'><strong><em>ποι)</em></strong></span> <span class='ocrx_word' id='word_1_242' title='bbox 1212 3276 1368 3356; x_wconf 91' lang='lat' dir='ltr'>scriptum</span> 
     </span>
     <span class='ocr_line' id='line_1_28' title="bbox 143 3380 1365 3468; baseline -0.002 -22"><span class='ocrx_word' id='word_1_243' title='bbox 143 3389 204 3455; x_wconf 87' lang='lat' dir='ltr'>est;</span> <span class='ocrx_word' id='word_1_244' title='bbox 231 3385 294 3448; x_wconf 92' lang='lat' dir='ltr'>hoc</span> <span class='ocrx_word' id='word_1_245' title='bbox 319 3384 407 3446; x_wconf 83' lang='lat' dir='ltr'>haud</span> <span class='ocrx_word' id='word_1_246' title='bbox 432 3383 530 3447; x_wconf 92' lang='lat' dir='ltr'>dubie</span> <span class='ocrx_word' id='word_1_247' title='bbox 553 3391 680 3447; x_wconf 89' lang='lat' dir='ltr'>rectum</span> <span class='ocrx_word' id='word_1_248' title='bbox 704 3389 764 3448; x_wconf 91' lang='lat' dir='ltr'>est.</span> <span class='ocrx_word' id='word_1_249' title='bbox 792 3421 832 3428; x_wconf 87' lang='lat'>-</span> <span class='ocrx_word' id='word_1_250' title='bbox 856 3381 879 3468; x_wconf 60' lang='grc' dir='ltr'><em>ᾖ</em></span> <span class='ocrx_word' id='word_1_251' title='bbox 902 3384 922 3448; x_wconf 89' lang='grc'>3</span> <span class='ocrx_word' id='word_1_252' title='bbox 947 3402 1006 3465; x_wconf 92' lang='lat' dir='ltr'>pro</span> <span class='ocrx_word' id='word_1_253' title='bbox 1030 3383 1128 3454; x_wconf 70' lang='grc' dir='ltr'><strong><em>εὐθὺς</em></strong></span> <span class='ocrx_word' id='word_1_254' title='bbox 1151 3383 1231 3448; x_wconf 60' lang='lat' dir='ltr'>sert</span> <span class='ocrx_word' id='word_1_255' title='bbox 1257 3380 1309 3468; x_wconf 87' lang='lat' dir='ltr'>(cl.</span> <span class='ocrx_word' id='word_1_256' title='bbox 1337 3400 1365 3444; x_wconf 91' lang='lat' dir='ltr'>c.</span> 
     </span>
     <span class='ocr_line' id='line_1_29' title="bbox 143 3487 1367 3575; baseline -0.002 -23"><span class='ocrx_word' id='word_1_257' title='bbox 143 3489 184 3552; x_wconf 88' lang='lat'>88</span> <span class='ocrx_word' id='word_1_258' title='bbox 206 3487 303 3575; x_wconf 85' lang='lat' dir='ltr'>extr.)</span> <span class='ocrx_word' id='word_1_259' title='bbox 329 3490 539 3554; x_wconf 89' lang='lat' dir='ltr'>scribendum</span> <span class='ocrx_word' id='word_1_260' title='bbox 562 3509 636 3554; x_wconf 90' lang='lat' dir='ltr'>esse</span> <span class='ocrx_word' id='word_1_261' title='bbox 660 3491 843 3556; x_wconf 83' lang='lat' dir='ltr'>Lobeckius</span> <span class='ocrx_word' id='word_1_262' title='bbox 870 3489 923 3574; x_wconf 84' lang='lat' dir='ltr'>(ad</span> <span class='ocrx_word' id='word_1_263' title='bbox 948 3492 1123 3575; x_wconf 87' lang='lat' dir='ltr'>Phrynich.</span> <span class='ocrx_word' id='word_1_264' title='bbox 1141 3511 1171 3572; x_wconf 94' lang='lat' dir='ltr'>p.</span> <span class='ocrx_word' id='word_1_265' title='bbox 1192 3488 1268 3575; x_wconf 76' lang='lat'>144)</span> <span class='ocrx_word' id='word_1_266' title='bbox 1293 3506 1367 3552; x_wconf 90' lang='lat' dir='ltr'>cen-</span> 
     </span>
     <span class='ocr_line' id='line_1_30' title="bbox 144 3595 1368 3676; baseline -0.002 -18"><span class='ocrx_word' id='word_1_267' title='bbox 144 3597 214 3670; x_wconf 94' lang='lat' dir='ltr'>suit,</span> <span class='ocrx_word' id='word_1_268' title='bbox 241 3614 341 3676; x_wconf 89' lang='lat' dir='ltr'>quam</span> <span class='ocrx_word' id='word_1_269' title='bbox 366 3597 586 3676; x_wconf 89' lang='lat' dir='ltr'>suspicionem</span> <span class='ocrx_word' id='word_1_270' title='bbox 610 3597 832 3662; x_wconf 86' lang='lat' dir='ltr'>testimouium</span> <span class='ocrx_word' id='word_1_271' title='bbox 857 3599 1009 3664; x_wconf 85' lang='lat' dir='ltr'>Vaticani</span> <span class='ocrx_word' id='word_1_272' title='bbox 1033 3597 1122 3671; x_wconf 68' lang='grc' dir='ltr'><strong><em>εὐθὺ,</em></strong></span> <span class='ocrx_word' id='word_1_273' title='bbox 1150 3598 1249 3661; x_wconf 89' lang='lat' dir='ltr'>litura</span> <span class='ocrx_word' id='word_1_274' title='bbox 1271 3595 1368 3658; x_wconf 89' lang='lat' dir='ltr'>unius</span> 
     </span>
     <span class='ocr_line' id='line_1_31' title="bbox 143 3701 1367 3785; baseline 0.002 -21"><span class='ocrx_word' id='word_1_275' title='bbox 143 3701 264 3767; x_wconf 83' lang='lat' dir='ltr'>litterae</span> <span class='ocrx_word' id='word_1_276' title='bbox 285 3709 453 3783; x_wconf 86' lang='lat' dir='ltr'>sequente,</span> <span class='ocrx_word' id='word_1_277' title='bbox 475 3703 662 3783; x_wconf 86' lang='lat' dir='ltr'>praebentis</span> <span class='ocrx_word' id='word_1_278' title='bbox 677 3705 820 3785; x_wconf 87' lang='lat' dir='ltr'>quodam</span> <span class='ocrx_word' id='word_1_279' title='bbox 834 3706 935 3770; x_wconf 90' lang='lat' dir='ltr'>modo</span> <span class='ocrx_word' id='word_1_280' title='bbox 951 3705 1138 3778; x_wconf 65' lang='lat' dir='ltr'>confirmem</span> <span class='ocrx_word' id='word_1_281' title='bbox 1164 3710 1197 3768; x_wconf 91' lang='lat' dir='ltr'>et</span> <span class='ocrx_word' id='word_1_282' title='bbox 1215 3702 1367 3768; x_wconf 80' lang='lat' dir='ltr'>facillime</span> 
     </span>
     <span class='ocr_line' id='line_1_32' title="bbox 143 3809 1366 3894; baseline 0.001 -22"><span class='ocrx_word' id='word_1_283' title='bbox 143 3816 215 3873; x_wconf 85' lang='lat' dir='ltr'>ante</span> <span class='ocrx_word' id='word_1_284' title='bbox 238 3815 333 3892; x_wconf 83' lang='grc' dir='ltr'><strong><em>σφῶν</em></strong></span> <span class='ocrx_word' id='word_1_285' title='bbox 352 3833 370 3872; x_wconf 97' lang='grc' dir='ltr'><strong><em>σ</em></strong></span> <span class='ocrx_word' id='word_1_286' title='bbox 389 3809 448 3872; x_wconf 90' lang='lat' dir='ltr'>litt.</span> <span class='ocrx_word' id='word_1_287' title='bbox 466 3810 682 3892; x_wconf 84' lang='lat' dir='ltr'>dittographia</span> <span class='ocrx_word' id='word_1_288' title='bbox 700 3813 841 3892; x_wconf 91' lang='lat' dir='ltr'>irrepere</span> <span class='ocrx_word' id='word_1_289' title='bbox 863 3821 1002 3892; x_wconf 83' lang='lat' dir='ltr'>poteret.</span> <span class='ocrx_word' id='word_1_290' title='bbox 1043 3813 1140 3876; x_wconf 88' lang='lat' dir='ltr'>Pron.</span> <span class='ocrx_word' id='word_1_291' title='bbox 1158 3817 1251 3894; x_wconf 80' lang='grc' dir='ltr'><strong><em>σφῶν</em></strong></span> <span class='ocrx_word' id='word_1_292' title='bbox 1269 3810 1366 3874; x_wconf 83' lang='lat' dir='ltr'>etiam</span> 
     </span>
     <span class='ocr_line' id='line_1_33' title="bbox 143 3915 1367 3998; baseline 0.002 -21"><span class='ocrx_word' id='word_1_293' title='bbox 143 3915 181 3978; x_wconf 86' lang='lat' dir='ltr'>ad</span> <span class='ocrx_word' id='word_1_294' title='bbox 213 3915 315 3980; x_wconf 88' lang='lat' dir='ltr'>verba</span> <span class='ocrx_word' id='word_1_295' title='bbox 347 3915 397 3978; x_wconf 81' lang='grc' dir='ltr'>ἐπὶ</span> <span class='ocrx_word' id='word_1_296' title='bbox 425 3915 479 3979; x_wconf 90' lang='grc' dir='ltr'>τὸν</span> <span class='ocrx_word' id='word_1_297' title='bbox 501 3916 637 3998; x_wconf 85' lang='grc' dir='ltr'><strong><em>Πειραιᾶ</em></strong></span> <span class='ocrx_word' id='word_1_298' title='bbox 659 3917 799 3982; x_wconf 90' lang='lat' dir='ltr'>relatum</span> <span class='ocrx_word' id='word_1_299' title='bbox 823 3919 864 3982; x_wconf 91' lang='lat' dir='ltr'>de</span> <span class='ocrx_word' id='word_1_300' title='bbox 889 3926 988 3994; x_wconf 86' lang='lat' dir='ltr'>terra,</span> <span class='ocrx_word' id='word_1_301' title='bbox 1024 3936 1091 3982; x_wconf 92' lang='lat' dir='ltr'>non</span> <span class='ocrx_word' id='word_1_302' title='bbox 1115 3917 1156 3982; x_wconf 92' lang='lat' dir='ltr'>de</span> <span class='ocrx_word' id='word_1_303' title='bbox 1179 3916 1367 3982; x_wconf 92' lang='lat' dir='ltr'>hominibus</span> 
     </span>
     <span class='ocr_line' id='line_1_34' title="bbox 143 4022 1364 4106; baseline 0.002 -23"><span class='ocrx_word' id='word_1_304' title='bbox 143 4023 368 4103; x_wconf 85' lang='lat' dir='ltr'>accipiendum</span> <span class='ocrx_word' id='word_1_305' title='bbox 401 4030 460 4094; x_wconf 85' lang='lat' dir='ltr'>est,</span> <span class='ocrx_word' id='word_1_306' title='bbox 496 4024 584 4103; x_wconf 83' lang='lat' dir='ltr'>quod</span> <span class='ocrx_word' id='word_1_307' title='bbox 613 4025 647 4087; x_wconf 90' lang='lat' dir='ltr'>in</span> <span class='ocrx_word' id='word_1_308' title='bbox 674 4025 731 4088; x_wconf 89' lang='lat' dir='ltr'>illa</span> <span class='ocrx_word' id='word_1_309' title='bbox 754 4026 916 4106; x_wconf 88' lang='lat' dir='ltr'>scriptura</span> <span class='ocrx_word' id='word_1_310' title='bbox 941 4025 1068 4090; x_wconf 82' lang='lat' dir='ltr'>Stehlio</span> <span class='ocrx_word' id='word_1_311' title='bbox 1092 4023 1251 4105; x_wconf 88' lang='lat' dir='ltr'>displicet.</span> <span class='ocrx_word' id='word_1_312' title='bbox 1300 4022 1364 4088; x_wconf 87' lang='lat' dir='ltr'>Cir.</span> 
     </span>
     <span class='ocr_line' id='line_1_35' title="bbox 143 4129 1368 4215; baseline 0.002 -25"><span class='ocrx_word' id='word_1_313' title='bbox 143 4129 236 4193; x_wconf 87' lang='lat' dir='ltr'>etiam</span> <span class='ocrx_word' id='word_1_314' title='bbox 269 4129 346 4194; x_wconf 88' lang='lat' dir='ltr'>adn.</span> <span class='ocrx_word' id='word_1_315' title='bbox 373 4129 551 4194; x_wconf 87' lang='lat' dir='ltr'>Heindorfii</span> <span class='ocrx_word' id='word_1_316' title='bbox 585 4131 627 4194; x_wconf 86' lang='lat' dir='ltr'>ad</span> <span class='ocrx_word' id='word_1_317' title='bbox 660 4131 741 4195; x_wconf 89' lang='lat' dir='ltr'>Plat.</span> <span class='ocrx_word' id='word_1_318' title='bbox 769 4132 842 4213; x_wconf 66' lang='grc' dir='ltr'>[γε.</span> <span class='ocrx_word' id='word_1_319' title='bbox 869 4132 935 4198; x_wconf 81' lang='lat'>203</span> <span class='ocrx_word' id='word_1_320' title='bbox 959 4131 991 4195; x_wconf 94' lang='lat' dir='ltr'>b.</span> <span class='ocrx_word' id='word_1_321' title='bbox 1022 4169 1062 4179; x_wconf 91' lang='lat'><em>-</em></span> <span class='ocrx_word' id='word_1_322' title='bbox 1085 4129 1108 4215; x_wconf 67' lang='grc' dir='ltr'><strong><em>ξ</em></strong></span> <span class='ocrx_word' id='word_1_323' title='bbox 1131 4132 1153 4194; x_wconf 78' lang='lat'>4</span> <span class='ocrx_word' id='word_1_324' title='bbox 1180 4132 1294 4194; x_wconf 88' lang='lat' dir='ltr'>nescio</span> <span class='ocrx_word' id='word_1_325' title='bbox 1324 4148 1368 4192; x_wconf 88' lang='lat' dir='ltr'>an</span> 
     </span>
     <span class='ocr_line' id='line_1_36' title="bbox 143 4233 1368 4324; baseline 0.002 -28"><span class='ocrx_word' id='word_1_326' title='bbox 143 4233 269 4302; x_wconf 89' lang='lat' dir='ltr'>brevior</span> <span class='ocrx_word' id='word_1_327' title='bbox 293 4237 503 4301; x_wconf 88' lang='lat' dir='ltr'>Laurentiani</span> <span class='ocrx_word' id='word_1_328' title='bbox 527 4239 703 4318; x_wconf 87' lang='lat' dir='ltr'>scriptura:</span> <span class='ocrx_word' id='word_1_329' title='bbox 737 4238 791 4302; x_wconf 82' lang='grc' dir='ltr'>καί</span> <span class='ocrx_word' id='word_1_330' title='bbox 823 4239 987 4324; x_wconf 80' lang='grc' dir='ltr'><strong><em>διέστησαν</em></strong></span> <span class='ocrx_word' id='word_1_331' title='bbox 1019 4242 1058 4302; x_wconf 78' lang='grc' dir='ltr'><strong><em>ἂν</em></strong></span> <span class='ocrx_word' id='word_1_332' title='bbox 1090 4239 1131 4301; x_wconf 83' lang='grc' dir='ltr'>ἔτι</span> <span class='ocrx_word' id='word_1_333' title='bbox 1162 4237 1281 4320; x_wconf 79' lang='grc' dir='ltr'><strong><em>μᾶλλον</em></strong></span> <span class='ocrx_word' id='word_1_334' title='bbox 1312 4235 1368 4317; x_wconf 83' lang='grc' dir='ltr'>τὴν</span> 
     </span>
     <span class='ocr_line' id='line_1_37' title="bbox 142 4343 1367 4427; baseline 0.001 -24"><span class='ocrx_word' id='word_1_335' title='bbox 142 4343 236 4418; x_wconf 79' lang='grc' dir='ltr'><strong><em>πόλιν,</em></strong></span> <span class='ocrx_word' id='word_1_336' title='bbox 264 4345 294 4407; x_wconf 83' lang='grc' dir='ltr'>εἰ</span> <span class='ocrx_word' id='word_1_337' title='bbox 318 4344 524 4426; x_wconf 74' lang='grc' dir='ltr'><strong><em>ἐπολιόρκουν</em></strong></span> <span class='ocrx_word' id='word_1_338' title='bbox 546 4347 699 4427; x_wconf 84' lang='grc' dir='ltr'><strong><em>μένοντες,</em></strong></span> <span class='ocrx_word' id='word_1_339' title='bbox 727 4345 781 4408; x_wconf 82' lang='grc' dir='ltr'>καὶ</span> <span class='ocrx_word' id='word_1_340' title='bbox 803 4346 865 4410; x_wconf 78' lang='grc' dir='ltr'><strong><em>κτλ.</em></strong></span> <span class='ocrx_word' id='word_1_341' title='bbox 890 4363 970 4412; x_wconf 83' lang='lat' dir='ltr'>vera</span> <span class='ocrx_word' id='word_1_342' title='bbox 994 4347 1050 4419; x_wconf 85' lang='lat' dir='ltr'>sil;</span> <span class='ocrx_word' id='word_1_343' title='bbox 1084 4345 1118 4408; x_wconf 90' lang='lat' dir='ltr'>in</span> <span class='ocrx_word' id='word_1_344' title='bbox 1150 4344 1267 4408; x_wconf 85' lang='lat' dir='ltr'>ceteris</span> <span class='ocrx_word' id='word_1_345' title='bbox 1291 4347 1367 4406; x_wconf 80' lang='lat' dir='ltr'>ante</span> 
     </span>
     <span class='ocr_line' id='line_1_38' title="bbox 143 4449 1368 4535; baseline -0.002 -23"><span class='ocrx_word' id='word_1_346' title='bbox 143 4449 301 4534; x_wconf 83' lang='grc' dir='ltr'><strong><em>διέστησαν</em></strong></span> <span class='ocrx_word' id='word_1_347' title='bbox 333 4451 447 4530; x_wconf 81' lang='lat' dir='ltr'>partie.</span> <span class='ocrx_word' id='word_1_348' title='bbox 478 4454 498 4533; x_wconf 82' lang='grc' dir='ltr'><em>ἢ</em></span> <span class='ocrx_word' id='word_1_349' title='bbox 526 4453 657 4516; x_wconf 78' lang='lat' dir='ltr'>additur</span> <span class='ocrx_word' id='word_1_350' title='bbox 688 4459 721 4516; x_wconf 82' lang='lat' dir='ltr'>et</span> <span class='ocrx_word' id='word_1_351' title='bbox 751 4453 841 4516; x_wconf 78' lang='grc' dir='ltr'><strong><em>πόλιν</em></strong></span> <span class='ocrx_word' id='word_1_352' title='bbox 872 4454 1086 4535; x_wconf 79' lang='grc' dir='ltr'><strong><em>ἐφορμοῦντες</em></strong></span> <span class='ocrx_word' id='word_1_353' title='bbox 1114 4455 1134 4534; x_wconf 78' lang='grc' dir='ltr'><em>ἢ</em></span> <span class='ocrx_word' id='word_1_354' title='bbox 1162 4449 1368 4529; x_wconf 77' lang='grc' dir='ltr'><strong><em>ἐπολιόρκουν</em></strong></span> 
     </span>
     <span class='ocr_line' id='line_1_39' title="bbox 142 4555 1364 4640; baseline -0.001 -22"><span class='ocrx_word' id='word_1_355' title='bbox 142 4558 200 4620; x_wconf 81' lang='grc' dir='ltr'><strong><em>κτλ.</em></strong></span> <span class='ocrx_word' id='word_1_356' title='bbox 224 4557 387 4633; x_wconf 88' lang='lat' dir='ltr'>scribitur,</span> <span class='ocrx_word' id='word_1_357' title='bbox 414 4575 513 4636; x_wconf 85' lang='lat' dir='ltr'>quarn</span> <span class='ocrx_word' id='word_1_358' title='bbox 537 4561 730 4640; x_wconf 87' lang='lat' dir='ltr'>scripturam</span> <span class='ocrx_word' id='word_1_359' title='bbox 750 4576 904 4622; x_wconf 87' lang='lat' dir='ltr'>mancam</span> <span class='ocrx_word' id='word_1_360' title='bbox 925 4577 999 4623; x_wconf 90' lang='lat' dir='ltr'>esse</span> <span class='ocrx_word' id='word_1_361' title='bbox 1018 4565 1106 4623; x_wconf 90' lang='lat' dir='ltr'>recte</span> <span class='ocrx_word' id='word_1_362' title='bbox 1121 4558 1236 4622; x_wconf 90' lang='lat' dir='ltr'>videus</span> <span class='ocrx_word' id='word_1_363' title='bbox 1250 4555 1364 4636; x_wconf 87' lang='lat' dir='ltr'>partic.</span> 
     </span>
    </p>
   </div>
   <div class='ocr_carea' id='block_1_9' title="bbox 0 0 1632 5060">
    <p class='ocr_par' dir='ltr' id='par_1_10' title="bbox 0 0 1632 5060">
     <span class='ocr_line' id='line_1_40' title="bbox 0 0 1632 5060; baseline 0 0"><span class='ocrx_word' id='word_1_364' title='bbox 0 0 1632 5060; x_wconf 95' lang='lat' dir='ltr'> </span> 
     </span>
    </p>
   </div>
  </div>
 </body>
</html>
