3244 5060
827 317 869 384 56

238 501 322 564 οἰοιοῖ
342 518 371 564 c.
391 498 464 577 100,
482 498 514 576 3,
536 499 593 563 ubi
613 499 790 562 discrimen
808 495 1054 577 significationis
1072 495 1248 560 verborum
1266 495 1466 577 προσέβαλον

237 615 269 671 et
301 607 457 688 ἀφιοτᾶοι,
491 605 578 686 quod
611 605 728 685 premit
757 603 911 679 Stahlius,
946 608 1074 666 tantum
1102 619 1170 666 non
1199 601 1249 678 sit,
1274 607 1320 686 ¹ut
1351 601 1464 684 πρώτῃ

238 713 314 793 poni
343 729 411 776 non
435 712 585 791 potuerit.
614 747 653 756 -—
677 708 700 796 ξ
723 711 742 775 2
767 717 799 775 et
823 711 918 774 Laur.
944 715 977 774 et
999 709 1104 774 Vatic.
1130 708 1269 790 Κομίρῳ
1291 706 1463 788 praebent,

238 816 279 884 cf.
306 817 468 888 Meisterh.
495 837 541 898 gr.
566 819 665 882 inser.
692 817 755 880 Att.
783 837 814 898 p.
840 817 894 881 26.
943 817 1048 880 Vatic.
1078 817 1197 897 ἔφυγον
1225 813 1371 887 exhibet;
1406 815 1466 878 sed

239 925 399 990 Camirios
436 921 512 1005 fuga
548 925 712 989 destitisse
749 943 789 988 ex
825 925 865 988 iis
898 940 983 1006 quae
1015 929 1197 1002 sequuntur
1229 928 1380 1002 apparet;
1421 919 1463 985 cf.

239 1033 336 1096 etiarn
362 1031 413 1107 ΙΙΙ,
440 1031 493 1108 98,
522 1031 550 1095 1.
599 1033 677 1095 Post
700 1031 820 1096 Λίνδου
843 1033 878 1094 in
901 1030 1006 1094 Vatic.
1032 1029 1146 1109 partic.
1172 1052 1205 1092 τε
1226 1028 1402 1092 intercidit.
1423 1065 1467 1074 -

238 1136 353 1223 §din
370 1137 475 1228 Vatic.
502 1143 552 1202 est
575 1139 782 1212 ἐπέπλευσαν,
807 1137 895 1218 quod
918 1155 1033 1217 parurn
1057 1139 1171 1216 aptum
1195 1140 1254 1211 est,
1281 1153 1355 1198 cum
1381 1153 1467 1214 quos

238 1245 418 1308 invaserint
445 1243 662 1309 Athenienses
695 1263 762 1308 non
795 1245 919 1308 dictum
952 1243 1004 1306 sit.
1052 1241 1156 1306 Paulo
1184 1247 1260 1322 post
1286 1242 1373 1306 idem
1407 1243 1467 1305 ἒπ-

239 1352 401 1434 εφάνησαν
433 1349 574 1428 exitibet,
611 1352 664 1415 cui
697 1350 798 1415 verbo
831 1350 960 1414 dativus
993 1349 1110 1412 saltem
1141 1354 1204 1418 τοῖς
1231 1348 1391 1430 πολεμίοις
1414 1349 1466 1414 vel

240 1457 345 1521 simila
373 1456 496 1537 aliquid
528 1455 580 1542 (cf.
606 1457 660 1535 42,
687 1454 720 1542 3)
749 1457 825 1520 addi
853 1456 980 1529 debuit;
1017 1461 1163 1520 cetarum
1187 1453 1229 1520 cf.
1255 1455 1366 1519 adnot.
1394 1456 1465 1518 crit.

241 1563 368 1629 Stahlii.

330 1669 389 1748 45,
421 1670 436 1732 1
467 1675 542 1750 post
561 1669 759 1752 Ἀλκιβιάδης
784 1669 887 1733 Vatic.
913 1693 944 1732 τε
971 1669 1086 1748 partio.
1112 1669 1222 1749 inepte
1246 1668 1345 1744 addit,
1382 1669 1470 1732 sicut

240 1783 315 1841 cett.
349 1773 372 1861 ξ
400 1775 420 1839 3
453 1781 527 1855 post
552 1775 777 1859 Ἑρμοκράτης.
824 1775 1027 1856 Praepositio
1060 1775 1124 1839 ἀπὸ
1159 1775 1222 1858 (ἀπ’
1257 1775 1375 1858 αὐτῶν)
1408 1793 1468 1855 pro

239 1882 326 1963 παρὰ
355 1882 463 1962 posita
491 1881 566 1946 loco
590 1880 644 1960 51,
673 1884 688 1946 1
716 1883 894 1965 (παροῦσαν
917 1881 980 1946 ἀπὸ
1003 1888 1058 1946 τοῦ
1077 1882 1172 1966 iiia)
1204 1881 1389 1947 defenditur
1411 1882 1469 1946 illa

241 1989 390 2070 quidem
417 1989 475 2052 sed
498 2007 574 2052 curn
597 1988 706 2054 verbis
730 1990 765 2052 ἐκ
786 1987 1028 2071 Λακεδαίμονος
1052 1989 1266 2070 sequentibus
1289 1989 1391 2053 verba
1414 1989 1466 2052 ἀνί

241 2097 347 2160 αὐτῶν
370 2095 549 2172 abundent,
580 2095 693 2160 dubito
717 2113 802 2160 ane
827 2095 922 2158 Laur.
949 2095 1158 2160 scribendum
1183 2097 1239 2160 sit:
1274 2096 1326 2158 ἐπ’
1353 2096 1468 2169 αὐτῶν,

241 2219 346 2286 super
368 2219 411 2266 aa
435 2218 483 2280 re,
509 2219 588 2266 eam
612 2197 654 2266 ob
679 2219 755 2266 rem
780 2200 839 2288 (sc.
860 2200 1111 2287 suspicionem);
1136 2199 1177 2266 ci.
1195 2201 1312 2282 Krucg.
1329 2219 1466 2282 gramm.

241 2307 263 2395 ξ
286 2309 339 2385 68,
364 2308 409 2372 40
432 2309 507 2372 adn.
535 2307 555 2372 b
580 2313 613 2372 et
636 2308 741 2372 Madv.
769 2315 853 2390 synt.
879 2306 902 2393 ξ
929 2309 981 2385 73,
1004 2308 1024 2372 3
1045 2309 1076 2372 d.
1103 2345 1146 2354 -
1169 2309 1289 2372 Partic.
1314 2308 1368 2372 καί
1391 2315 1469 2374 ante

241 2424 286 2498 τῷ
303 2415 401 2496 Ἄγιδι
428 2416 581 2495 positam,
614 2433 804 2496 quanquam
832 2433 890 2494 per
917 2416 1053 2480 verbum
1082 2416 1224 2498 ἐφαίνετο
1253 2415 1341 2496 quod
1365 2415 1468 2478 abun·

242 2523 358 2586 dantcr
381 2522 528 2601 sequitur
551 2539 625 2586 carn
649 2523 726 2601 poni
751 2522 882 2586 licuisse
906 2528 995 2586 recte
1019 2523 1155 2586 adnotat
1176 2520 1330 2598 Stahlius,
1356 2528 1470 2586 tamen

242 2647 317 2693 carn
345 2628 379 2690 in
408 2627 513 2691 Vatic.
544 2628 616 2692 solo
645 2633 733 2693 extet
765 2628 976 2694 omittendam
1010 2646 1083 2692 esse
1116 2646 1248 2693 censeo.
1274 2665 1318 2674 --
1341 2628 1376 2691 ln
1400 2625 1424 2712 ξ
1449 2627 1469 2692 2

241 2735 342 2799 verba
379 2735 588 2798 ἀπολείπωσιν
620 2735 684 2816 ὀὐχ
719 2734 921 2804 anabudana
957 2734 1052 2798 codd.
1088 2733 1154 2798 fere
1192 2753 1307 2800 omnes
1340 2741 1471 2814 praeter

243 2842 348 2906 Vatic.
383 2842 417 2904 in
449 2840 652 2910 ἀποίονόντες
684 2839 919 2905 conflaverunt.
945 2838 1035 2925 -ξ
1063 2839 1083 2904 3
1116 2842 1151 2904 in
1183 2841 1337 2906 omnibus
1369 2841 1467 2904 codd.

242 2954 318 3030 post
349 2947 493 3012 ἐδίδασκε
520 2946 646 3026 irrepsit
675 2947 763 3020 ὥστε,
797 2947 884 3026 quod
909 2947 1029 3012 delevit
1054 2947 1220 3023 liciskius;
1256 2947 1349 3012 cuius
1373 2948 1470 3027 parti·

243 3055 337 3120 culae
369 3053 555 3134 repetitioni
587 3052 745 3117 molestae
778 3053 881 3118 altero
909 3053 989 3117 ὥστε
1019 3050 1106 3138 (post
1127 3050 1240 3139 πεῖσαι)
1265 3054 1373 3118 deleto
1397 3072 1470 3118 cor·

243 3168 352 3227 rector
375 3160 525 3225 Vaticani
555 3159 680 3224 mederi
702 3160 847 3224 voluisse
870 3159 1008 3236 videtur,
1044 3161 1101 3225 scd
1134 3161 1222 3241 apud
1244 3160 1381 3225 verbum
1403 3162 1470 3224 πεί-

243 3269 312 3331 θειν
336 3266 517 3349 Thucydidi
550 3266 630 3330 ὥστε
660 3267 907 3332 usitatissimum
932 3272 991 3342 est,
1017 3285 1047 3330 v.
1074 3268 1137 3332 lex.
1165 3267 1291 3332 Betant.
1317 3267 1472 3332 —Ante

244 3375 344 3439 verba
379 3373 461 3456 πλὴν
497 3378 560 3436 τῶν
595 3372 808 3456 Συρακοσίων
844 3374 997 3438 lacunam
1035 3380 1218 3439 statuerunt
1255 3373 1400 3438 Stahlius
1438 3380 1471 3439 et

244 3481 428 3552 Harwerd.;
458 3479 528 3544 ille:
562 3479 699 3555 «male»,
730 3481 845 3561 inquit,
883 3481 966 3546 «hoc
999 3480 1270 3546 antecedentibus
1298 3482 1469 3546 continua-

244 3594 306 3662 tur,
338 3587 432 3668 quasi
457 3585 674 3668 Syracusanis
702 3587 842 3652 ducibus
865 3586 1053 3652 Alcibiades
1082 3587 1271 3667 persuaderi
1294 3587 1467 3652 noluerit.»

246 3691 417 3758 Sullecerit
447 3699 574 3770 tamen,
615 3694 741 3774 opinor,
780 3692 906 3774 imperf.
941 3693 1104 3757 ἐδίδασκεν
1140 3694 1174 3758 in
1212 3711 1280 3758 aor.
1316 3695 1471 3768 ἐδίδαξεν

246 3800 419 3880 corrigere,
455 3818 521 3880 qua
553 3801 715 3880 scriptura
738 3800 877 3864 ducibus
900 3817 935 3865 re
959 3818 1038 3864 vera
1060 3817 1253 3880 persuasum
1277 3817 1350 3865 esse
1374 3801 1470 3881 signi·

245 3904 371 3982 ficator,
411 3912 580 3986 tamquam
612 3907 640 3968 si
673 3907 834 3989 διδαχθεὶς
865 3943 909 3952 -
940 3909 1058 3972 ἔπεισεν
1090 3907 1247 3988 scriptum
1280 3905 1385 3983 fuerit,
1425 3906 1467 3972 cf.

246 4013 365 4077 Herod.
392 4011 442 4088 ΙΙΙ,
473 4012 532 4084 48;
568 4011 609 4076 cf.
635 4010 658 4097 ξ
682 4012 718 4076 2:
752 4015 808 4096 τήν
838 4037 875 4077 τε
906 4013 1111 4097 μισθοφορὰν
1143 4015 1306 4096 ξυνέῑεμεν
1337 4022 1370 4079 et
1397 4013 1420 4099 ξ
1448 4015 1470 4079 4

244 4120 299 4190 τάς
325 4143 361 4182 τε
388 4118 493 4190 πόλεις
515 4155 560 4164 -
582 4119 750 4202 ἀπήλασεν.
802 4119 960 4205 [Gerizius
991 4127 1102 4194 πεῖσαι,
1134 4121 1214 4186 ὥστε
1246 4123 1272 4194 ξ.
1304 4120 1468 4205 (πάντας)

245 4221 339 4290 τοῦτο
372 4226 472 4307 αὐτῷ
502 4224 584 4308 πλὴν
615 4227 677 4290 κτλ.
711 4227 868 4307 scriptum
901 4225 1047 4312 mavult]
1086 4264 1125 4274 -
1159 4226 1269 4292 Verba
1299 4226 1471 4310 στρατηγὸς

247 4335 302 4406 ῶν,
327 4349 411 4413 quae
435 4331 540 4396 Vatia.
568 4333 659 4397 solus
682 4333 844 4398 adiectivo
867 4334 967 4417 μόνος
990 4335 1112 4399 omisso
1137 4333 1278 4411 exhibet,
1309 4335 1351 4398 ad
1374 4353 1469 4416 genc-

246 4439 349 4503 tivum
371 4440 491 4504 τούτων
514 4439 732 4520 supplendum
756 4440 868 4508 addita
891 4458 964 4506 esse
987 4441 1154 4514 videntum
1180 4447 1268 4506 certe
1288 4440 1467 4506 abundant.

248 4544 342 4624 Quod
375 4553 483 4612 autern
513 4545 658 4612 Stahlius
692 4545 737 4633 (in
770 4546 881 4611 adnot.
912 4548 982 4612 orit.
1013 4547 1063 4611 ed.
1095 4546 1186 4635 ster.)
1219 4549 1339 4612 radron
1370 4549 1470 4630 μόνος
