3262 5052
718 337 780 400 119

137 513 170 574 in
192 512 246 588 M„
274 515 487 587 ξυνέπλενσαν
509 515 543 578 in
567 513 629 600 lc),
660 515 748 596 quod
773 531 849 578 cum
874 512 1037 578 difficilius
1060 531 1101 578 ex
1123 513 1179 577 illa
1201 514 1362 594 scriptura

135 619 208 682 oriri
236 623 382 700 potuerit
410 621 633 702 praetulerim;
669 640 746 685 nam
770 620 959 686 Classenius
989 617 1094 706 (cuius
1118 621 1193 684 adn.
1220 620 1302 694 crit,
1333 621 1360 682 si

132 724 248 803 placet,
286 726 460 814 videatur),
496 746 571 792 cum
604 727 816 792 Demostheni
847 728 925 791 talia
958 727 1078 792 dicenti
1109 745 1150 790 ne
1183 726 1360 806 pertinacia

130 831 336 912 collegarum
359 835 579 898 resistentium
603 840 776 915 augeretur
798 835 979 899 verendum
1002 832 1102 898 baisse
1126 833 1212 906 dicit,
1240 833 1359 896 oblitus

128 945 186 1010 est,
220 940 319 1003 illum
343 959 471 1005 summo
495 941 608 1022 populi
630 939 839 1006 Atheniensis
863 939 973 1005 lavore
997 947 1076 1004 tuno
1099 941 1261 1020 vigentem
1284 957 1360 1007 cum

126 1062 249 1126 magna
275 1049 472 1132 auctoritate
496 1065 631 1112 causam
655 1066 721 1128 qua
744 1055 853 1112 motus
877 1045 1043 1128 profectus
1067 1053 1163 1123 esset,
1195 1064 1215 1110 a
1237 1045 1359 1126 populo

127 1154 384 1232 comprobatam
410 1150 462 1238 (cf.
489 1153 520 1231 2,
546 1155 583 1218 le:
616 1191 650 1200 —-
671 1155 741 1236 napi
763 1155 819 1237 τὴν
841 1151 1110 1238 Πελοπόννησον),
1137 1151 1280 1233 proferre
1304 1171 1358 1232 po·

123 1259 239 1324 tuisse.
261 1299 305 1306 -
323 1259 523 1341 Scripturam
546 1262 643 1325 unice
665 1279 777 1326 veram
801 1261 890 1324 αθτό
913 1285 949 1324 τε
974 1257 1061 1344 (cett.
1079 1260 1166 1324 mell.
1187 1259 1264 1322 αὐτὸ
1281 1259 1359 1339 τότε)

15 1401 16 1424 ι
124 1363 223 1429 Laur.
254 1367 399 1431 exhibet.

217 1473 256 1547 4,
285 1475 314 1536 1.
344 1511 379 1518 -
407 1473 494 1556 cippi]v
510 1473 639 1536 Ιἐνέπεσε
661 1480 836 1555 περιστᾶσιν
859 1475 1020 1556 ἐκτειχίσαι
1042 1473 1077 1536 τὸ
1099 1473 1237 1556 χωρίον]
1270 1481 1359 1538 recte

123 1577 245 1659 Poppo
275 1599 335 1660 pro
363 1581 496 1653 ἕσὲπεσε,
530 1580 618 1660 quod
646 1580 744 1644 etiam
769 1582 863 1644 Laur.
890 1580 1034 1660 praebet,
1070 1580 1193 1644 ἐνέπεσε
1216 1580 1356 1660 scripsit.

124 1681 349 1768 Summopere
374 1689 483 1763 miror,
513 1687 813 1766 interpretationem
836 1687 928 1752 verbi
951 1691 1135 1769 περιστᾶσιν,
1164 1704 1263 1766 quam
1286 1704 1358 1766 pro-

122 1791 199 1855 tulit
226 1783 460 1857 Heilmar'rnus:
496 1796 630 1858 mutata
656 1790 827 1858 sententia
852 1790 905 1877 (cl.
932 1793 955 1868 l,
982 1793 1035 1868 32,
1061 1791 1106 1878 4),
1145 1793 1286 1857 editores
1310 1810 1357 1856 re-

123 1902 296 1965 centiores
334 1907 525 1981 aspernatos
563 1918 646 1964 esse.
708 1900 884 1964 Arnoldius
922 1901 996 1964 loco
1030 1899 1190 1978 Euripidis
1224 1896 1356 1983 (Bacch.

126 2005 231 2092 1106)
273 2007 394 2071 collato
433 2004 697 2070 circumstantes
730 2007 781 2072 vel
816 2003 967 2090 undique
999 2007 1221 2070 occurrentes
1252 2003 1356 2079 vertit,

125 2130 273 2191 quarum
304 2113 476 2176 notionum
504 2113 607 2177 altera
631 2119 744 2177 nostro
768 2112 843 2176 loco
868 2113 1033 2178 obiectum
1056 2129 1189 2192 prorsus
1212 2110 1356 2190 requirit,
1396 2101 1399 2110 ⁴

125 2221 220 2298 quod
255 2225 344 2284 certe
375 2219 410 2282 τὸ
442 2222 560 2303 χωρίον
592 2238 666 2284 esse
689 2220 802 2300 nequit
828 2217 916 2306 (nam
940 2219 1033 2284 aliter
1056 2217 1093 2293 V,
1121 2219 1151 2293 7,
1178 2217 1198 2280 3
1222 2216 1358 2280 verbum

123 2333 308 2409 περιστῆναι
345 2327 385 2391 de
419 2326 542 2391 Cicone
575 2326 796 2407 Amphipolim
833 2325 1086 2390 circumsedenti
1123 2323 1245 2388 dictum
1282 2320 1354 2408 est),

126 2431 236 2498 altera
263 2451 304 2496 ex
331 2433 387 2496 illa
413 2434 490 2497 duci
514 2451 581 2497 non
604 2439 726 2514 potesta
761 2433 951 2498 Classcnius
975 2450 1052 2497 vero
1077 2431 1137 2494 θια
1146 2435 1258 2504 πᾶσιν,
1291 2448 1358 2494 non

14 2539 16 2613 l
124 2545 306 2622 περιστᾶσιν
337 2541 434 2603 vertit
467 2537 571 2626 (esich
603 2541 690 2621 rings
723 2540 838 2605 herum
871 2539 930 2604 auf
958 2540 1021 2604 alle
1056 2538 1182 2602 Punkte
1217 2573 1258 2582 —-
1288 2555 1356 2601 ver·

15 2703 16 2766 }
126 2643 301 2731 theilenll.

222 2752 255 2825 8,
280 2752 311 2816 5.
341 2752 589 2835 προσδεχόμενοι
613 2753 647 2817 δὲ
669 2753 732 2816 καὶ
754 2755 818 2837 τὴν
841 2754 914 2818 ἀπὸ
939 2753 1113 2818 Ζακύνθου
1138 2787 1181 2798 -
1205 2751 1357 2833 βοήθειαν

127 2860 212 2944 κτλ]
238 2860 332 2922 Laur.
353 2859 465 2940 προσὸ.
486 2859 592 2942 δὲτὴν
610 2860 674 2924 ἀπὸ
692 2867 746 2944 τῆς
760 2861 796 2924 Ζ.
815 2861 877 2924 κτλ.
899 2861 1039 2935 exhibet,
1065 2856 1203 2922 fortasse
1223 2855 1355 2928 melius;

14 2992 16 3011 ι
128 2985 207 3030 nam
231 2966 345 3046 partic.
371 2965 425 3028 καὶ
447 2965 501 3028 hic
525 2965 631 3030 otiosa
654 2974 714 3039 est,
740 2968 932 3048 praesertim
955 2985 1030 3030 cum
1053 2962 1138 3028 infra
1157 2964 1190 3026 ἐν
1208 2971 1256 3044 νῷ
1274 2961 1357 3043 εἶχον

15 3139 16 3158 ¹
128 3109 173 3118 -
187 3073 252 3135 καὶ
273 3072 336 3134 κτλ.
360 3072 483 3134 dictum
507 3071 563 3147 sit;
589 3092 655 3154 qua
677 3091 713 3138 re
735 3073 903 3138 intellecta
918 3073 1012 3137 Valla
1035 3071 1136 3134 semel
1160 3070 1258 3134 modo
1282 3085 1356 3132 eam

15 3177 16 3209 ³
127 3180 234 3242 vertit.
284 3177 466 3242 Articulum
499 3183 575 3242 ante
599 3179 781 3253 Ζακύνθου,
815 3197 900 3258 quae
933 3179 1040 3242 insula
1072 3193 1172 3257 supra
1194 3176 1244 3240 bis
1267 3192 1355 3238 com-

129 3290 313 3350 memorata
335 3291 395 3360 est,
419 3285 485 3348 iam
511 3283 655 3350 Stahlius
678 3288 811 3366 recepit.

220 3391 255 3465 9,
280 3391 311 3454 2.
337 3393 422 3472 σφίσι
446 3392 480 3454 δὲ
501 3397 557 3454 τοῦ
579 3393 699 3474 τείχους
720 3394 814 3474 ταύτῃ
839 3392 1065 3456 ἀσθενεστάτου
1091 3391 1182 3460 ὄντος
1197 3389 1354 3452 ’ἐπισπά-

15 3567 16 3580 1
130 3500 270 3562 σασθαι
291 3495 350 3582 (sic
370 3495 480 3583 codd.)
502 3498 616 3568 αὐτοὺς
628 3501 731 3582 ἠγεῖτο
744 3497 1031 3581 προθυμήσεσθαι]
1054 3495 1355 3576 interpretationem

130 3604 289 3686 Stephani
320 3599 477 3687 patabat
499 3599 602 3684 fore,
642 3608 680 3670 ut
716 3602 781 3670 hoc
813 3621 871 3668 eos
905 3600 954 3668 ad
986 3599 1191 3670 cadendum
1224 3595 1357 3684 aliquid

15 3743 16 3752 ι
130 3708 306 3792 alliceret),
333 3729 432 3791 quam
455 3711 609 3792 adgnovit
623 3711 822 3786 Classenius
849 3712 928 3776 satis
951 3709 1068 3776 refellit
1083 3709 1237 3808 Stahlius,
1263 3708 1356 3774 cuius

14 3807 16 3884 l
131 3819 206 3882 adn.
237 3817 402 3894 videatur;
437 3818 526 3899 quod
558 3823 669 3882 autem
701 3820 788 3884 idem
812 3817 998 3884 Dobreeum
1026 3817 1127 3881 verbo
1150 3815 1355 3898 προθυμήσε-

131 3926 206 3988 σθαι
238 3925 348 3988 deleto
380 3925 614 3989 ἐπισπάσεσθαι
647 3925 844 3990 scribentem
878 3932 1011 3991 secutus
1038 3930 1089 3988 est
1116 3917 1189 4002 (abi
1211 3915 1357 4004 -fore

125 4027 284 4114 putabat,
316 4033 353 4095 ut
375 4027 621 4113 allicerentur),
657 4031 835 4112 Madvigius
862 4030 947 4118 (adv.
974 4031 1046 4096 orit.
1071 4031 1084 4094 l
1108 4050 1138 4112 p.
1166 4026 1241 4114 318)
1267 4034 1355 4093 recte

132 4138 253 4213 docuit,
284 4137 537 4202 Demosthenem
564 4138 672 4218 ipsum
697 4135 976 4204 Lacedaemonios
1004 4137 1046 4202 ad
1075 4138 1184 4201 locum
1207 4134 1355 4208 infirmis-

15 4256 16 4318 }
132 4245 212 4310 sime
236 4244 394 4307 munitum
420 4243 551 4308 allicere
575 4244 730 4320 uoluisse,
757 4261 843 4323 quae
867 4247 958 4310 notio
983 4243 1148 4310 alliciendi
1170 4241 1271 4308 verbo
1290 4242 1354 4304 ἐπι-

132 4351 307 4414 σπάσεσθαι
329 4351 427 4415 etiam
450 4351 579 4431 passive
601 4351 769 4416 intellecto
792 4349 893 4423 inest;
920 4369 1028 4433 neque
1051 4367 1130 4416 vero
1149 4349 1354 4432 προθυμήσε·

132 4459 206 4521 σθαι
242 4458 565 4537 interpretamentum
601 4457 693 4522 verbi
729 4458 955 4521 θιισπάσεσθαι
992 4475 1065 4522 esse
1098 4453 1192 4522 facile
1225 4453 1351 4518 credas.

134 4563 309 4645 Madvigius
341 4565 544 4647 ἐπιβήσεσθαι
576 4564 727 4638 coniecit,
763 4579 829 4641 qua
857 4564 890 4626 in
915 4565 1077 4644 scriptura
1100 4580 1176 4626 cum
1200 4561 1264 4626 alia
1287 4568 1356 4625 tum
