3262 5052
723 331 785 397 125

154 513 289 594 οἰόμενος
321 510 417 574 αὑτὸν
448 510 535 593 λόγῳ
565 511 667 593 μόνον
698 510 830 592 ἀφιέναι,
863 528 1003 590 quorum
1035 509 1210 576 verborum
1242 509 1368 574 scholio

152 619 273 682 cuidam
297 617 400 682 verba
422 617 477 680 καὶ
499 618 560 681 οὐκ
573 618 834 700 -ὑττοχωρῆσσι
856 617 1031 682 tribuenda
1049 635 1122 682 esse
1141 616 1370 696 suspicabatur

152 724 338 805 Kruegerus,
365 743 463 805 quem
487 731 620 789 secutus
645 731 694 788 est
717 722 851 808 Herm).
900 723 971 788 Hac
994 721 1184 788 difficultate
1207 723 1369 787 adductus

152 829 288 896 Stabiius
321 831 433 895 locum
465 832 513 895 sic
546 830 755 896 scribendum
787 848 860 895 esse
893 831 1036 894 censuit:
1071 830 1184 901 δεδιὼς
1216 830 1287 912 adq,
1315 829 1369 892 καὶ

32 929 33 962 ³
151 938 205 1002 οὔκ
220 975 259 984 --
273 940 492 1020 ὑποχωρῆσαι,
518 936 612 1007 αὖθις
636 935 709 1020 [δὲ]
733 938 751 1000 ὁ
774 935 816 1000 Ν.
839 937 911 1009 κτλ,
934 943 971 1000 ut
994 937 1120 1001 Niciam
1144 935 1206 1000 sihi
1230 935 1367 1017 obsequi

153 1042 182 1128 (i.
206 1063 233 1109 e.
259 1045 433 1124 imperium
457 1041 636 1130 suscipere)
657 1041 815 1108 Cleonem
834 1061 902 1108 non
921 1062 1078 1108 ausurum
1092 1063 1165 1110 esse
1181 1043 1368 1108 credentem

151 1146 250 1214 iaciat.
301 1149 366 1215 Sed
400 1157 627 1232 praeterquam
660 1150 747 1232 quod
781 1150 914 1230 partior.
950 1151 1064 1221 δεδιὼς
1090 1151 1152 1234 ἤδη
1181 1155 1214 1215 et
1242 1150 1302 1214 οὐκ
1330 1151 1369 1213 ἂν

32 1313 33 1346 ,
101 1321 111 1332 ,
149 1257 286 1340 οἰόμενος
310 1258 389 1321 satis
413 1257 494 1322 dure
516 1264 718 1338 separantur,
744 1257 821 1321 huie
844 1257 1113 1337 interpretationi,
1140 1275 1224 1338 quae
1244 1258 1271 1320 si
1290 1273 1369 1320 vera

149 1371 195 1427 est
215 1364 326 1428 Nicias
352 1363 524 1444 imperium
552 1363 717 1444 deponere
740 1382 816 1428 non
840 1363 1002 1444 cupiebat,
1028 1363 1108 1428 illud
1133 1363 1251 1439 obstat,
1278 1363 1367 1444 quod

32 1473 34 1522 ι
149 1487 186 1532 ex
207 1476 275 1534 tota
298 1469 498 1552 Thucydidis
521 1471 708 1536 narratione
733 1468 785 1556 (cl.
812 1467 835 1555 ξ
861 1468 890 1554 1)
916 1477 1062 1552 apparet,
1083 1471 1209 1535 Niciam
1233 1471 1369 1550 eiusque

149 1576 286 1658 collegas
315 1576 430 1642 Cleoni
462 1577 597 1657 imperio
630 1578 709 1641 satis
742 1577 879 1642 libenter
910 1579 1062 1653 cessisse,
1098 1579 1217 1658 quippe
1253 1577 1309 1658 qui
1337 1582 1369 1640 et

149 1683 345 1748 voluntatem
374 1682 486 1764 populi
510 1701 549 1748 eo
573 1684 731 1748 inclinare
757 1684 905 1748 viderent
933 1704 1040 1767 neque
1067 1684 1114 1748 illi
1137 1701 1369 1748 successurum

148 1807 216 1854 esse
239 1797 402 1871 putarent.
451 1791 545 1870 Quod
569 1798 679 1855 autem
703 1790 847 1856 Stahlius
871 1792 960 1868 dicit,
985 1791 1122 1858 verbum
1145 1791 1263 1873 τολμᾶν
1281 1791 1368 1870 apud

148 1895 368 1979 Thucydidem
400 1915 563 1978 nusquam
598 1895 651 1982 (cl.
686 1903 795 1962 tamen
825 1898 848 1974 l,
878 1898 932 1974 32,
963 1898 1000 1976 5;
1036 1899 1087 1974 vl,
1119 1897 1171 1976 82,
1197 1896 1230 1982 4)
1256 1897 1297 1962 de
1320 1898 1368 1960 eis

148 2022 228 2082 quae
255 2012 292 2068 ut
316 2002 475 2068 faciamus
499 2011 627 2085 praeter
650 2005 854 2070 voluntatem
877 2023 897 2069 a
920 2005 1016 2070 nobis
1039 2006 1250 2086 impetremus
1278 2003 1366 2084 poni,

149 2109 226 2174 haec
255 2111 348 2174 notio
376 2107 572 2175 sustinendi
598 2110 756 2191 exemplis
783 2113 977 2192 scriptorum
1006 2112 1153 2176 omnium
1186 2110 1369 2174 Atticorum

32 2213 33 2218 ’
147 2218 222 2281 satis
250 2215 485 2296 comprobatur
513 2215 555 2303 (v.
583 2213 698 2302 lexx.);
734 2223 850 2282 contra
878 2219 905 2281 si
932 2224 1020 2282 recte
1049 2214 1235 2300 imperium
1263 2212 1368 2279 sesci-

140 2334 224 2403 p'ere
247 2319 390 2397 audere,
416 2324 491 2388 idco
511 2342 578 2388 non
599 2319 740 2407 obsequi
758 2320 891 2389 audere
904 2323 989 2389 bene
1003 2324 1131 2388 dicitur.
1179 2322 1368 2388 Classenius
1438 2359 1442 2368 ·

147 2430 184 2492 ad
220 2430 387 2512 vulgatam
424 2427 663 2494 defendendam
700 2431 876 2494 discrimen
913 2431 1079 2511 quoddam
1112 2432 1284 2495 notionum
1315 2435 1369 2512 τῆς

146 2538 325 2620 στρατηγίας
348 2543 380 2601 et
402 2543 456 2619 τῆς
479 2536 528 2600 ἐστὶ
550 2535 653 2620 Πύλῳ
676 2538 776 2620 ἀρχῆς
798 2556 872 2602 esse
891 2539 1012 2610 statuit,
1034 2538 1123 2618 quod
1143 2537 1221 2601 mihi
1237 2538 1368 2618 quidem

147 2643 238 2706 nimis
262 2642 476 2708 artificiosum
507 2661 580 2708 esse
608 2643 745 2709 videtur.
798 2642 956 2729 [Gertzius
989 2647 1019 2709 ot
1050 2644 1132 2708 αὐτὸ
1163 2645 1369 2726 τολμήσαντι

146 2757 364 2832 προχωρῆσαι
388 2748 552 2835 coniecit]

234 2855 294 2934 30,
309 2856 341 2919 2.
361 2893 400 2902 -
417 2856 471 2920 καὶ
489 2855 552 2919 ἀπὸ
571 2857 682 2920 τούτου
701 2859 879 2940 πνεύματος
897 2861 1117 2942 ἕπιγενομέναυ
1130 2858 1165 2922 τὸ
1178 2857 1259 2923 πολὺ
1274 2858 1369 2938 αὐτῆς

33 3029 34 3050 ,
147 2961 239 3027 ἔλαθε
257 2962 469 3027 κατακαυθέν.
485 2963 569 3026 οὕτω
589 2963 628 3046 δὴ
648 2964 731 3049 κτλ]
755 2963 883 3040 frustra,
911 2967 1036 3047 opinor,
1063 2965 1224 3045 scriptura
1238 2964 1368 3045 vulgata

33 3067 34 3150 ξ
146 3071 328 3149 temptatur.
378 3068 498 3132 Dicunt
523 3069 626 3136 verba
652 3071 716 3135 ἀπὸ
743 3072 863 3146 τούτου,
888 3091 973 3154 quae
996 3073 1037 3137 ad
1061 3078 1167 3154 genet.
1192 3071 1370 3152 πνεύματος

146 3174 364 3258 ἕτιγενομὲνσυ
388 3177 576 3241 necessario
601 3178 772 3258 pertinent,
799 3197 867 3242 non
893 3187 986 3260 «post
1003 3179 1036 3242 id
1052 3187 1191 3258 tempus,
1213 3176 1364 3251 deinde»,

146 3281 200 3344 sed
237 3300 297 3346 «ex
329 3299 370 3346 eo
403 3289 569 3363 tempore»
599 3284 709 3350 valere
738 3303 875 3349 neeesse
902 3305 991 3362 esse;
1021 3287 1080 3350 sed
1104 3284 1246 3365 Antipho
1270 3283 1294 3358 l,
1327 3282 1367 3345 17

33 3449 34 3456 ,
146 3386 205 3450 ἀπὸ
233 3388 361 3452 δείπνου
389 3407 447 3468 pro
475 3389 552 3471 μετὰ
582 3390 716 3464 δεῖπνον,
744 3391 832 3472 quod
856 3393 955 3472 paulo
980 3398 1053 3473 post
1077 3392 1232 3472 sequitur,
1259 3389 1369 3471 posuit

33 3517 34 3524 ¹
146 3498 174 3556 et
197 3495 405 3576 Thucydides
435 3496 505 3576 ipse
535 3497 589 3573 lV,
617 3497 669 3573 78,
695 3498 716 3562 6
746 3516 798 3560 vv.
831 3497 895 3561 ἀπὸ
924 3500 1034 3564 τούτου
1063 3499 1198 3563 notione
1222 3495 1368 3562 adverbii

147 3595 271 3665 deinde
304 3601 393 3664 dixit.
445 3601 625 3668 Verborum
659 3607 742 3669 οὕτω
775 3604 814 3687 δὴ
848 3623 915 3669 non
948 3608 982 3670 in
1014 3605 1151 3687 spodosi
1188 3605 1369 3685 positorum

146 3725 245 3771 unum
269 3709 456 3789 exemplum
479 3728 520 3774 ex
544 3709 733 3793 Thucydide
758 3710 806 3795 (ll,
833 3713 864 3790 6,
891 3712 923 3799 3)
954 3713 1097 3778 Stahlius
1125 3713 1194 3792 ipse
1224 3710 1366 3791 protulit,
1393 3785 1397 3795 Ι

146 3813 282 3878 alterum
306 3815 344 3891 V,
374 3815 424 3890 10,
463 3816 513 3889 10,
549 3817 576 3880 si
608 3817 808 3900 Kruegerum
842 3837 1028 3900 sequemur,
1064 3818 1272 3892 habebimus;
1307 3815 1366 3881 cf.

146 3919 264 3986 Herod.
293 3922 372 3996 Vlll,
399 3923 451 3986 94.
501 3923 535 3988 ld
560 3925 657 3989 etiam
680 3927 713 3990 in
738 3927 929 3992 coniectura
952 3927 1118 4008 Popponis
1141 3928 1207 3991 ἐπεὶ
1229 3944 1287 4007 pro
1315 3925 1370 3989 καὶ

148 4029 318 4092 scribentis
349 4027 492 4107 offendit,
526 4032 615 4112 quod
646 4032 712 4097 duo
741 4034 882 4113 genetivi
913 4034 1055 4099 absoluti
1085 4034 1261 4115 praepositi
1294 4031 1370 4114 (τῶν

34 4159 35 4230 ι
146 4141 340 4221 στρατιωτῶν
362 4137 628 4218 ἀναγκασθέντων
645 4141 707 4203 κτλ
727 4144 760 4202 et
779 4139 996 4223 &applicaveris
1013 4166 1095 4214 τινος
1112 4143 1188 4225 κτλ.)
1207 4142 1370 4204 rationem

147 4258 277 4320 prorsus
301 4243 464 4307 diversam
487 4245 529 4310 ad
553 4247 756 4310 enuntiatum
780 4247 845 4309 ἐπεὶ
859 4284 902 4294 --
916 4249 1120 4314 κατακαυθὲν
1147 4249 1299 4314 habeant.
1325 4281 1370 4292 -

150 4344 183 4410 ln
203 4345 270 4433 §3
299 4348 396 4413 codd.
427 4351 583 4418 exhibent
614 4354 711 4416 αὐτοῦ
743 4353 920 4434 lantpero,
953 4357 1041 4435 quod
1074 4361 1263 4435 corruptum
1296 4369 1370 4418 esse

150 4470 259 4519 omnes
290 4458 511 4535 consentiunt,
544 4477 620 4523 oum
652 4458 778 4523 nullum
807 4462 994 4542 exemplum
1021 4461 1167 4527 adverbii
1190 4461 1286 4525 αὐτοῦ
1310 4479 1370 4542 pro

149 4561 256 4626 αὐτόσε
300 4563 397 4643 positi
443 4571 545 4642 extet;
595 4565 746 4648 equidem
784 4567 1007 4632 coniecturam
1045 4568 1200 4651 Kruegeri
1236 4567 1371 4635 αὐτόσε
