3244 5060
721 327 763 392 63

133 525 232 588 ευριπ
254 509 369 590 νήσους
393 543 432 594 -ss
456 507 510 577 τὰς
533 505 738 590 ἐπικειμένας)
768 507 970 572 exerciturus
999 504 1104 570 fuerit.
1131 542 1174 552 -
1198 505 1234 568 ln
1259 506 1354 570 Laur.

132 621 181 677 est
205 615 286 687 ὅποι,
310 613 397 694 quod
422 633 489 678 non
513 615 622 678 minus
646 631 745 695 quam
764 614 826 696 ὅπῃ
849 614 1020 686 convenit3
1045 613 1166 694 recepit
1186 611 1353 678 Herwerd.

130 757 175 766 -
198 721 234 784 ln
256 717 280 805 ξ
302 718 322 783 5
347 739 430 800 quos
455 720 547 784 locos
575 721 617 785 ad
645 721 784 801 ellipsim
816 726 892 800 post
924 721 1027 784 οὐκέτι
1057 743 1084 783 τι
1116 717 1356 786 defendendam

130 825 270 891 afferunt
293 825 397 890 Class
424 833 457 890 et
480 828 666 905 Boehmius,
694 827 771 890 nihil
795 825 942 891 efficiunt
967 823 1019 911 (de
1039 827 1092 901 ΙΙΙ,
1110 825 1163 903 63,
1181 826 1201 889 2
1217 824 1258 890 cf.
1276 827 1351 890 adn.

129 932 227 1020 mea),
254 952 316 998 nec
336 935 371 996 in
386 934 480 998 Laur.
507 959 533 996 τι
557 941 659 1008 extat3
685 933 874 1014 recipienda
898 939 948 998 est
970 933 1066 1014 igitur
1089 934 1176 996 coni.
1194 933 1353 1009 Lindavii,

130 1042 163 1103 in
192 1059 290 1121 quam
319 1041 418 1106 etiam
445 1041 625 1122 Madvigius
651 1041 766 1106 incidit
796 1037 882 1124 (adv.
916 1041 987 1104 crit.
1023 1039 1036 1102 I
1063 1059 1094 1119 p.
1128 1038 1222 1126 aad:
1253 1040 1357 1104 οὐκέτι

128 1148 195 1210 ἀλλ’
222 1144 266 1231 (ἢ)
291 1148 397 1230 ἄπορα
421 1148 482 1211 κτλ.
507 1145 597 1228 (iam
620 1143 709 1212 nihil
731 1142 832 1212 aliud¹
852 1165 959 1230 qnam
978 1148 1049 1228 —-),
1076 1147 1138 1210 nisi
1163 1147 1252 1227 quod
1282 1163 1357 1210 cum

128 1254 235 1318 Mada
266 1254 337 1316 ἄλλ’
366 1257 386 1336 ἢ
411 1254 619 1319 scribendum
642 1261 701 1330 est,
728 1251 770 1318 cf.
796 1254 837 1318 ad
863 1273 891 1318 c.
916 1253 972 1330 28,
998 1253 1029 1317 2.
1079 1255 1193 1319 Utrum
1222 1253 1356 1317 omissio

128 1369 210 1441 part.
241 1361 307 1424 ἀλλ’
337 1360 371 1424 in
400 1361 505 1426 Vatic.
537 1360 623 1426 lacta
650 1362 751 1426 errori
783 1379 825 1424 an
854 1367 1062 1425 correcturae
1086 1359 1279 1440 imputanda
1302 1359 1354 1434 sit,

129 1469 163 1530 in
187 1469 314 1548 integro
337 1468 549 1549 relinquatur.

222 1574 281 1654 57,
308 1575 324 1636 1
350 1575 391 1637 de
414 1575 698 1657 ἐκπεπολεμῶσθαι
726 1571 767 1638 cf.
793 1576 860 1639 ind.
887 1575 1049 1654 discrepp.
1099 1573 1183 1640 Ante
1211 1575 1357 1655 ἀπορῶσι

127 1683 162 1743 in
186 1681 290 1744 Vatic.
317 1684 356 1764 ἢν
379 1681 546 1754 omittitur,
569 1682 657 1762 quod
676 1679 814 1745 fortasse
833 1699 954 1762 pravae
974 1686 1182 1745 correcturae
1201 1687 1237 1744 ut
1256 1699 1356 1746 mem·

127 1787 189 1850 bra
215 1788 307 1852 iuxta
329 1795 529 1866 ponerentur
552 1787 657 1853 factae
680 1787 890 1852 tribuendum
913 1794 973 1851 est.
1022 1787 1058 1850 ln
1083 1787 1177 1852 Laur.
1205 1794 1256 1852 est
1277 1811 1356 1870 πορ-

127 1895 221 1966 θῶσι,
250 1895 349 1973 quod,
376 1913 452 1958 cum
476 1896 587 1958 aoristi
611 1896 860 1975 praecesserint,
887 1895 997 1958 minus
1020 1893 1139 1972 placet.
1165 1929 1210 1939 -
1232 1892 1254 1979 ξ
1278 1893 1297 1956 2
1321 1895 1356 1957 in

129 2000 224 2062 Laur.
260 2000 380 2064 desunt
411 2002 512 2066 verba
542 2001 623 2084 πρὸς
655 2002 814 2084 ἀλλήλους,
847 2019 932 2082 quae
966 2005 1055 2064 certe
1088 2000 1355 2080 interpretatione

128 2105 219 2170 verbi
243 2107 410 2171 ἐπανισοῦν
434 2109 510 2171 oriri
532 2113 719 2189 potuerunt.

221 2212 281 2293 58,
306 2212 326 2276 3
349 2214 383 2276 in
405 2215 499 2278 laur.
525 2217 636 2298 χώραν
657 2215 811 2297 βασιλέως
834 2213 996 2292 scribitur,
1023 2213 1081 2278 sed
1105 2213 1242 2277 articulo
1265 2213 1357 2276 inviti

129 2336 291 2382 caremus.
349 2320 439 2384 Idem
475 2319 614 2386 fortasse
649 2322 771 2386 rectius
809 2327 883 2401 post
918 2319 1183 2402 Λακεδαιμονίων
1218 2319 1355 2384 verbum

128 2427 238 2507 χώραν
266 2427 394 2504 omittit,
427 2426 466 2490 cf.
494 2426 516 2513 ξ
539 2429 575 2491 4ε
602 2428 637 2491 ἐκ
660 2435 714 2510 τῆς
736 2427 890 2510 βασιλέως
913 2431 947 2488 et
970 2443 999 2489 e.
1026 2424 1079 2504 37,
1106 2425 1138 2490 5.
1164 2463 1206 2472 -
1231 2425 1253 2512 ξ
1277 2425 1297 2489 6
1321 2427 1356 2490 in

132 2532 232 2596 Vatic.
262 2529 306 2624 (et
329 2533 413 2619 aliis)
443 2541 519 2599 ante
542 2536 743 2604 τελευτῶντος
765 2534 874 2612 inepte
899 2531 1029 2596 additur
1051 2533 1190 2598 κωλύων
1212 2533 1263 2598 vel
1288 2557 1355 2597 κον-

127 2639 217 2712 λύειν,
242 2639 331 2719 quod
356 2658 373 2703 e
397 2638 419 2724 ξ
443 2643 464 2702 4
486 2641 615 2720 irrepsit
639 2638 821 2725 [Gertziusl.

218 2745 265 2810 59
298 2765 358 2825 pro
391 2744 480 2810 αὗται
511 2749 545 2810 in
578 2747 682 2811 Vatic.
718 2747 873 2812 scribitur
904 2753 1049 2821 τοιαῦται,
1078 2747 1136 2812 sed
1164 2744 1205 2810 cf.
1239 2745 1290 2821 19,
1319 2747 1352 2819 1;
1449 2763 1455 2774 ·

129 2853 214 2916 idem
238 2852 372 2932 praebet
394 2853 470 2935 μετὰ
493 2856 614 2926 ταύτας,
638 2854 696 2917 sed
720 2854 785 2917 vid.
806 2853 940 2919 ibidem.
959 2891 1002 2900 --
1016 2853 1135 2917 Partic.
1157 2858 1234 2935 γοῦν
1256 2852 1355 2916 etiam

128 2960 160 3021 in
186 2959 280 3022 laur.
307 2965 404 3023 extat.
448 2987 449 2994 ι
825 3017 826 3020 ,
1289 3030 1292 3037 ,

217 3065 278 3146 60,
304 3066 320 3129 1
346 3065 380 3128 in
404 3066 497 3130 Laur.
525 3072 574 3130 est
596 3069 678 3148 μέγα
701 3068 855 3150 βλάπτειν,
880 3065 920 3132 cf.
947 3068 999 3142 Vl,
1027 3066 1080 3143 72,
1106 3067 1138 3142 4,
1169 3065 1227 3130 sed
1255 3067 1355 3129 etiam

131 3171 179 3245 Vl,
206 3171 260 3248 64,
289 3173 324 3249 1;
358 3173 425 3250 Vll,
452 3173 505 3250 27,
531 3174 567 3246 4;
602 3173 656 3250 40,
683 3173 713 3250 6,
740 3175 796 3238 ubi
824 3175 945 3256 μεγάλα
975 3173 1140 3246 scribitur3
1176 3179 1208 3236 et
1239 3171 1355 3235 ultima

128 3278 254 3359 syllaba
280 3285 413 3358 propter
440 3280 683 3344 similitudinem
711 3281 769 3343 litt.
801 3281 832 3342 A
861 3287 893 3345 et
920 3281 951 3342 A
978 3279 1131 3344 facillime
1159 3278 1354 3342 intercidere

128 3387 241 3464 potuit.
269 3423 312 3430 -
335 3383 358 3471 ξ
381 3385 401 3450 3
425 3387 516 3450 artic.
544 3393 620 3450 ante
646 3385 792 3468 Τριόπιον
815 3388 921 3451 Vatic.
953 3387 1044 3450 solus
1068 3386 1197 3461 omittit,
1228 3386 1285 3449 sed
1311 3382 1351 3448 cf.

129 3510 157 3554 c.
187 3491 241 3569 36,
268 3491 299 3556 3.
328 3529 369 3538 --
393 3493 428 3556 ln
457 3494 552 3556 Laur.
584 3493 736 3558 scribitur
762 3495 830 3564 ἔτος
857 3493 995 3558 ἐτελεύτα
1017 3501 1064 3575 τῷ
1086 3517 1118 3556 π.
1140 3493 1230 3575 τῷδε,
1254 3509 1354 3572 quam

128 3599 286 3664 rariorem
310 3599 561 3663 collocationem
585 3600 622 3676 ll,
650 3600 701 3676 70,
728 3599 748 3663 5
773 3618 956 3665 consensus
981 3599 1077 3664 codd.
1104 3596 1215 3685 (etiarn
1234 3597 1363 3684 111110.)-

129 3705 283 3783 praebet;
310 3706 440 3786 vulgata
462 3711 574 3771 tamen
597 3707 788 3788 exquisitior
810 3713 870 3771 est.
1339 3763 1342 3769 .

218 3812 278 3886 61,
306 3813 321 3875 1
353 3813 452 3877 etiam
477 3814 571 3876 laur.
598 3831 709 3877 veram
738 3815 932 3894 scripturam
960 3815 1006 3896 ἐφ’
1029 3811 1264 3894 Ἑλλησπόντου
1289 3831 1353 3877 ser-

130 3919 226 3981 ravit.
253 3955 296 3978 —,
319 3916 342 4003 ξ
366 3919 385 3982 2
409 3920 732 3999 interpretamentum
755 3921 821 3984 ἀντὶ
843 3927 1016 4003 στρατηγοῦ
1043 3920 1078 3982 in
1106 3921 1201 3982 Laur.
1232 3937 1355 3984 nomen

126 4024 308 4088 Ἀντισθένει
345 4026 476 4106 expulit.
534 4025 570 4088 ln
607 4027 723 4090 eodem
755 4032 844 4091 recte
878 4027 1047 4110 ξυνεξῆλιλε
1081 4023 1197 4111 (Vatic.
1233 4032 1266 4089 et
1297 4026 1351 4089 all.

132 4129 276 4216 ξυνῆλθε)
297 4133 456 4212 scriptum
471 4138 535 4208 est;
561 4151 623 4196 nec
642 4133 728 4198 male
746 4151 930 4212 pronomen
948 4140 1065 4206 τοῦτον,
1085 4139 1239 4212 quopost
1253 4132 1354 4196 verba

130 4242 195 4298 tam
218 4255 327 4317 pauca
350 4239 521 4303 interiecta
547 4237 652 4322 (aliter
675 4257 710 4303 se
733 4257 786 4303 res
805 4240 904 4304 habet
923 4241 975 4316 ΙΙΙ,
997 4240 1051 4316 44,
1072 4240 1104 4315 4,
1127 4257 1225 4319 quem
1244 4239 1354 4302 locum

133 4341 256 4408 confert
276 4343 458 4431 Herwerd.)
482 4344 639 4408 inutiliter
662 4345 868 4426 epanalepsis
893 4347 1034 4410 nominis
1053 4346 1174 4409 Λέοντα
1193 4343 1238 4421 61,
1253 4344 1353 4407 omit·

132 4449 176 4527 tit,
202 4449 245 4514 cf.
272 4451 315 4514 ad
339 4470 367 4515 c.
394 4449 448 4528 53,
474 4451 494 4514 2
521 4449 660 4538 (αὐτῶν).
691 4488 734 4498 -
760 4449 783 4536 ξ
806 4453 826 4516 3
855 4453 1049 4533 scripturam
1076 4453 1207 4515 ἔλασσον
1233 4451 1355 4532 ἔχοντες

133 4560 208 4620 satis
237 4555 418 4622 defendunt
441 4559 505 4621 loci
530 4557 580 4635 ΙΙΙ,
607 4559 637 4636 5,
665 4559 684 4622 2
708 4565 740 4623 et
763 4559 816 4635 lV,
843 4559 896 4635 26,
924 4559 954 4636 6,
981 4577 1065 4640 quos
1088 4575 1155 4622 una
1178 4575 1255 4620 cum
1278 4557 1353 4620 loco
