3262 5052
825 329 888 394 108

331 508 392 587 65,
415 508 446 572 3.
486 507 540 571 καί
563 508 595 578 ἒς
616 507 672 590 τὴν
694 509 800 572 αὐτῶν
821 509 911 572 πόλιν
933 509 1053 590 φιλίως,
1077 509 1116 572 οὐ
1138 509 1297 591 πολεμίως
1315 508 1468 589 κομίοαν-

240 613 297 700 τες]
333 616 475 698 φιλίους,
508 616 546 678 οὐ
578 615 761 697 πολεμίους
793 615 880 680 haud
908 616 1007 680 dubie
1036 615 1246 681 scribendum
1274 623 1326 680 est
1354 611 1468 699 (quam

241 723 481 786 correctionem
519 721 689 803 Steupium
725 721 874 807 [quaesti.
911 723 1013 787 Thuc.
1049 743 1079 803 p.
1115 721 1168 808 34]
1204 741 1469 803 praeoccupasse

239 828 365 915 vide0);
392 831 607 910 nequeenim
627 829 667 894 de
687 830 796 894 animo
816 847 932 894 eorum
946 829 1198 904 Plataeensium,
1221 831 1276 910 qui
1291 829 1469 894 Thebanos

240 937 501 1012 introduxerunt,
532 937 591 1000 sed
620 938 660 1001 de
689 937 931 1013 Thebanorum,
963 937 1019 1017 qui
1046 937 1222 1000 introducti
1245 943 1331 1009 sunt,
1357 955 1468 1002 sermo

241 1048 292 1106 est
316 1040 369 1127 (cf.
396 1041 418 1127 ξ
443 1042 479 1106 2;
506 1044 535 1106 εί
546 1093 552 1105 .
568 1093 575 1106 .
589 1043 644 1126 τὴν
667 1050 725 1127 γῆν
748 1044 904 1126 ἒδῃοῦμεν
927 1044 974 1114 ὡς
996 1041 1149 1130 πολέμιοι)
1179 1063 1287 1124 neque
1311 1043 1469 1108 adverbia

241 1149 282 1212 ad
307 1149 483 1226 obiectum,
516 1168 583 1214 non
612 1151 653 1214 ad
681 1150 865 1215 subiectum
888 1148 1000 1216 referri
1025 1150 1111 1214 licet.
1160 1150 1366 1232 Thucydides
1390 1169 1468 1214 nus-

241 1273 341 1336 quam
373 1255 451 1320 alibi
483 1257 523 1322 de
557 1257 744 1321 hominibus
773 1258 874 1340 φίλιος
902 1258 1012 1337 posuit
1038 1257 1092 1322 ille
1117 1257 1264 1338 quidem;
1290 1258 1347 1322 sed
1371 1257 1468 1320 Plato

242 1360 366 1448 (Symp.
388 1383 419 1444 p.
442 1363 504 1427 221
523 1363 555 1450 b)
577 1364 649 1436 τοὺς
669 1365 791 1447 φιλίους
811 1371 843 1428 et
863 1364 935 1435 τοὺς
954 1365 1124 1446 πολεμίους
1144 1365 1228 1430 inter
1246 1383 1282 1429 se
1302 1365 1467 1444 opposuit,

241 1488 339 1550 quem
363 1489 459 1534 usum
483 1473 681 1551 posteriores
705 1472 808 1535 secuti
833 1477 918 1548 sunt,
945 1472 1009 1535 vid.
1031 1471 1123 1535 Dem.
1141 1471 1253 1554 XXIII,
1275 1470 1318 1535 56
1333 1476 1366 1536 et
1379 1470 1466 1534 lexx.

242 1613 283 1622 -—-
307 1577 344 1640 ln
376 1578 539 1642 versiculo
573 1579 724 1659 sequenti
757 1578 845 1658 quod
874 1578 1041 1642 scribitur:
1070 1578 1144 1648 τούς
1169 1602 1201 1641 τε
1227 1579 1321 1660 ὑμῶν
1343 1578 1470 1660 χείρους

239 1685 350 1766 μηκέτι
372 1685 492 1767 μᾶλλον
519 1685 674 1766 γενέσθαι,
705 1685 854 1749 nonnihil
882 1685 1074 1750 adverbium
1101 1685 1221 1767 μᾶλλον
1250 1684 1385 1767 (χείρους
1409 1684 1468 1766 δη·

239 1791 349 1864 λονδιι,
378 1790 496 1876 schol.)
526 1793 613 1872 apud
641 1793 900 1872 comparativum
930 1793 1072 1872 positum
1100 1791 1244 1867 offendit,
1275 1792 1333 1856 sed
1365 1791 1470 1872 magis

241 1897 340 1961 etiam
368 1899 418 1971 ἔτι,
447 1899 535 1980 quod
564 1898 710 1980 possitne
733 1899 776 1963 ab
800 1899 974 1980 negatione
1003 1900 1128 1979 seiungi
1156 1905 1187 1963 et
1211 1898 1252 1963 ad
1275 1899 1395 1980 μᾶλλον
1417 1917 1468 1964 re·

241 2002 317 2068 ferri
343 2001 467 2090 (ιιιοαίι
490 2000 623 2081 mehr»,
650 2004 794 2090 brues),
821 2025 887 2086 qua
904 2007 1032 2070 ratione
1050 2006 1122 2070 sola
1141 2011 1313 2086 acceptum
1333 2023 1470 2070 sensum

242 2111 382 2192 aliquem
407 2111 517 2189 habet,
542 2112 638 2177 valde
662 2113 786 2177 dubito.
826 2114 919 2178 Latet
940 2115 975 2177 in
999 2113 1151 2195 γενέσθαι,
1176 2113 1302 2192 opinor,
1330 2113 1469 2177 verbum

242 2218 375 2298 aliquod
399 2219 431 2282 vi
455 2219 545 2284 verbi
569 2220 684 2302 ἰσχύειν
707 2219 890 2300 praedItum
914 2221 1011 2286 etad
1035 2239 1075 2285 ea
1099 2238 1183 2302 quae
1208 2225 1404 2299 sequuntur:
1430 2219 1468 2284 τὰ

241 2326 312 2398 ἄξια
345 2327 425 2408 ἔχειν
457 2327 675 2401 conveniens;
710 2328 768 2392 sed
800 2328 1048 2408 inpraesentia
1076 2327 1202 2391 nullum
1233 2327 1331 2406 paulo
1359 2327 1468 2405 aptius

242 2432 348 2496 elicio.
596 2508 597 2518 χ

333 2539 394 2618 66,
420 2541 449 2602 1.
484 2540 563 2603 κατὰ
585 2541 622 2604 τὰ
645 2543 773 2606 πάντων
795 2542 950 2606 Βοιωτῶν
971 2539 1095 2626 πάτρια]
1122 2543 1156 2604 in
1178 2542 1270 2604 baur.
1297 2539 1466 2604 scribitur:

242 2645 321 2710 κατὰ
346 2645 383 2709 τὰ
405 2651 478 2709 τῶν
505 2669 537 2708 π.
568 2646 606 2708 Β.
634 2671 675 2720 π,
709 2649 796 2728 quod
829 2649 1066 2713 restituendum
1099 2655 1158 2723 est,
1194 2645 1235 2711 cl.
1271 2645 1324 2720 65,
1360 2647 1395 2710 2ε
1430 2648 1468 2712 τὰ

242 2753 332 2817 κοινὰ
354 2757 419 2816 τῶν
440 2753 568 2815 πάντων
590 2752 629 2815 Β.
652 2755 774 2836 πάτρια.
799 2791 839 2801 --
865 2753 887 2840 ξ
911 2755 942 2818 2.
982 2755 1196 2837 ὑποσχόμενοί
1220 2778 1252 2817 τε
1279 2755 1354 2836 ἡμῖν
1379 2755 1467 2818 ὕστε-

243 2883 300 2943 ρον
330 2860 376 2943 μὴ
409 2865 524 2923 κτενεῖν
555 2860 753 2942 παρανόμως
785 2859 990 2946 διεφθείρατε]
1027 2861 1215 2926 adverbium
1249 2862 1377 2943 ὕστερον
1410 2869 1470 2927 aut

244 2987 319 3032 cum
338 2967 451 3047 partic.
468 2967 680 3049 ὑποσχόμενοι
698 2975 755 3030 aut
773 2987 849 3032 eum
868 2967 958 3032 infin.
979 2975 1094 3032 κτενεῖν
1111 2968 1201 3050 iungi
1220 2968 1305 3044 licet,
1327 2987 1469 3048 quorum

244 3082 484 3155 utrumcunque
506 3073 543 3137 lit
565 3073 661 3154 plane
693 3093 975 3154 supervacaneum
1003 3077 1079 3151 erit;
1112 3076 1224 3156 itaque
1258 3075 1365 3155 potius
1393 3083 1469 3156 post

242 3182 343 3248 verba
364 3181 409 3265 μὴ
434 3187 548 3246 κτενεῖν
571 3182 852 3261 transponendum
876 3189 935 3259 est,
962 3190 997 3246 ut
1020 3183 1061 3247 ad
1081 3183 1278 3265 διεφθείρατε
1296 3180 1465 3262 referatur,

244 3290 283 3354 cf.
314 3291 349 3354 in
377 3288 399 3375 ξ
430 3289 466 3353 3:
499 3295 564 3353 τῶν
595 3289 723 3372 ἀνδρῶν
753 3288 808 3352 τὸν
838 3290 968 3372 ὕστερον
999 3291 1146 3354 δάνατον.
1194 3289 1293 3372 [idem
1317 3289 1467 3355 Gertzius

243 3395 390 3482 viderat]
417 3433 461 3443 -
485 3397 521 3460 ln
548 3394 571 3482 ξ
594 3395 614 3460 3
638 3414 715 3460 cunr
746 3397 781 3460 in
813 3395 912 3460 dubio
946 3403 1104 3474 versetur,
1139 3403 1248 3460 utrum
1280 3397 1381 3462 verba
1413 3397 1467 3462 καί

241 3510 336 3568 ταῦτα
367 3522 443 3568 cum
470 3503 546 3568 vbb.
577 3509 657 3586 τρεῖς
684 3503 806 3574 ἀδικίας
828 3504 993 3584 iungenda
1018 3501 1147 3589 (Stahl.)
1172 3521 1216 3567 an
1239 3503 1469 3570 adverbialiter

243 3611 436 3690 accipienda
465 3608 609 3696 (Krueg.)
640 3611 715 3688 sint,
750 3608 888 3674 fortasse
919 3611 1054 3681 τούτοις
1086 3609 1295 3674 scribendum
1329 3616 1378 3675 est
1412 3607 1465 3694 (cf.

244 3713 349 3777 lladv.
376 3725 460 3798 synt.
485 3715 508 3804 ξ
534 3719 571 3781 11
598 3717 673 3781 adn.
703 3716 744 3802 1).

244 3959 278 4012 sit
298 3959 340 4024 (cl.
360 3959 463 4028 schol).
493 3963 550 4017 lam
570 3981 652 4034 quam
672 3965 869 4034 oppositionem
889 3964 997 4018 duobus
1012 3965 1142 4018 membris
1154 3965 1246 4018 Inesse
1259 3963 1322 4018 dicit
1337 3963 1468 4034 Stahlius,

243 4047 413 4101 artificiosior
440 4056 481 4104 est
508 4068 590 4120 quam
615 4069 685 4123 quae
708 4053 858 4124 Thucydidi
881 4053 988 4109 obtrudi
1011 4052 1106 4122 possit,
1128 4069 1190 4108 cum
1211 4052 1366 4108 Corinthios
1384 4055 1467 4110 etiarn

245 4135 403 4204 Corcyraeis
426 4137 517 4192 fractis
541 4157 571 4194 se
594 4141 670 4210 ipsos
688 4143 895 4198 confirmaturos
913 4143 999 4197 fuisse
1017 4149 1153 4210 appareat.
1192 4143 1287 4212 Itaque
1305 4143 1387 4210 ὑμᾶς
1405 4145 1469 4198 scri·

243 4225 364 4279 bendum
394 4241 456 4280 esse
484 4229 615 4296 suspicor,
643 4236 673 4286 ut
700 4233 769 4286 haec
792 4232 844 4286 loci
868 4231 1004 4286 sententia
1026 4231 1085 4284 fiat:
1111 4247 1178 4286 neue
1196 4236 1284 4300 prius
1304 4233 1398 4302 (quam
1417 4249 1468 4288 vos

244 4313 439 4384 aggrediuntur,
463 4313 489 4371 ἒς
512 4313 559 4382 τὴν
577 4317 703 4386 ὑμετέραν
721 4319 891 4388 ἐπιχείρησιν)
909 4323 1021 4378 duobus
1040 4322 1279 4388 tradiditab'quin
1297 4324 1350 4376 αιιί
1368 4323 1468 4392 (nobis,

245 4403 403 4474 Corcyraeis
429 4403 533 4470 tractis)
562 4422 611 4459 οοε
639 4408 788 4464 debilitent
812 4413 864 4466 out
887 4409 1058 4479 (Corcyraeis
1082 4408 1132 4463 sibi
1157 4406 1303 4477 adiunctis)
1333 4426 1364 4465 sc
1388 4415 1467 4481 ipsos

244 4497 421 4562 confirment.
460 4492 589 4547 similiter
607 4493 638 4562 11,
658 4495 699 4558 11,
719 4496 745 4565 9,
763 4513 825 4550 cum
845 4499 958 4551 ἕπεσθε
977 4497 1211 4568 sequatur‚=haud
1236 4498 1317 4553 dubie
1336 4500 1401 4566 ὑμῖν
1419 4501 1467 4554 ad·

243 4589 295 4640 τοῖς
314 4583 487 4637 scribendum
507 4584 556 4634 est.
