3244 5060
836 325 879 390 64

246 506 269 582 l,
299 504 371 581 105,
397 503 418 569 5
442 511 564 569 temere
589 511 725 584 temptat
748 505 870 580 Herw.;
896 505 1022 587 σχόντες
1045 511 1094 568 est
1117 504 1151 566 in
1175 503 1293 578 Vatia,
1319 503 1376 584 qui
1401 504 1476 567 arti-

246 612 356 677 culum
381 619 457 676 ante
480 611 559 674 Χῖοι
583 612 710 685 omittit,
737 611 796 676 sed
820 611 860 674 cf.
886 630 917 674 v.
945 629 973 676 c.
1000 610 1067 686 vll,
1094 609 1147 686 85,
1176 610 1204 672 1.
1389 683 1390 688 .

336 719 397 798 62,
421 717 442 782 3
465 718 500 780 in
523 717 628 783 Vatia.
656 718 744 782 baud
768 717 866 783 dubie
890 736 948 798 per
972 723 1195 781 correcturam
1216 739 1292 780 ποτε
1315 717 1476 797 scriptum

246 831 305 889 est.
355 823 499 888 Stahlius
532 825 642 889 locum
666 824 688 899 1,
715 825 769 901 89,
795 824 826 900 2,
862 843 928 906 quo
954 823 1039 888 Sesti
1073 822 1195 887 mentio
1224 821 1310 886 facta
1338 829 1398 898 est,
1425 841 1476 887 re-

246 933 419 995 motiorem
442 949 526 1007 esse,
562 949 661 1012 quam
696 949 761 1012 quo
795 931 848 995 hic
881 930 1054 994 commode
1086 929 1153 992 τότε
1182 929 1338 994 adverbio
1367 929 1476 1009 posito

245 1038 363 1118 respici
386 1037 499 1118 possit.
526 1037 639 1102 dicens
662 1037 830 1117 vulgatum
852 1037 919 1100 τότε
942 1035 1135 1118 repudiavit,
1163 1036 1257 1116 quasi
1276 1036 1340 1100 hoc
1360 1035 1475 1100 adver-

247 1145 337 1208 bium
365 1162 495 1224 semper
522 1144 563 1207 ad
592 1145 703 1208 locum
727 1149 854 1208 certum
878 1144 986 1224 operis
1010 1142 1222 1225 Thucydidei,
1248 1161 1315 1206 non
1339 1142 1381 1206 ad
1405 1160 1478 1207 rem

246 1250 428 1331 legentibus
452 1250 658 1314 notissimam
681 1248 865 1315 referretur.
918 1248 1077 1336 [Gertzius
1102 1250 1214 1313 omnia
1236 1249 1352 1314 verba:
1378 1251 1418 1332 ἥν
1433 1286 1478 1296 -

246 1356 330 1440 εἶχον
366 1375 551 1436 expungere
584 1355 732 1442 mavult]
791 1355 895 1420 Simili
928 1356 1027 1420 modo
1060 1357 1094 1418 in
1127 1355 1223 1420 codd.
1259 1353 1325 1422 fere
1358 1374 1477 1422 omnes

247 1469 375 1544 praeter
408 1464 502 1526 Laur.
534 1481 563 1526 c.
590 1462 643 1539 90,
672 1464 688 1526 1
719 1487 794 1526 ποτε
822 1464 961 1544 irrepsit.
990 1499 1030 1509 -
1054 1461 1224 1542 Scriptura
1247 1462 1350 1526 Vatic.
1375 1485 1476 1544 πρου-

246 1571 373 1652 βάλλων
402 1567 490 1656 (cett.
520 1567 724 1654 προσβαλὼν)
755 1588 814 1633 cur
841 1568 1056 1650 praeferatur,
1088 1587 1222 1648 prorsus
1251 1569 1330 1632 nihil
1359 1570 1474 1644 video;

247 1674 288 1741 of.
315 1676 366 1750 ΙΙΙ,
394 1677 445 1752 18,
475 1677 503 1739 1.

339 1781 400 1861 63,
426 1782 442 1845 1
468 1783 502 1846 in
525 1783 630 1846 Vatic.
657 1783 729 1846 solo
752 1790 807 1866 τῆς
828 1785 1005 1866 ναυμαχίας
1028 1781 1191 1858 scribitur,
1221 1781 1279 1862 qui
1305 1782 1477 1862 genetivus

248 1887 385 1954 fortasse
414 1895 613 1964 correctura,
645 1907 686 1953 ne
714 1889 815 1953 verba
846 1889 900 1952 καλ
922 1889 976 1952 τὸν
998 1888 1232 1971 Στρομβιχίὸην
1254 1887 1317 1951 κτλ.
1341 1906 1476 1969 quoque

247 2015 323 2060 cum
347 1995 588 2076 praepositione
610 1995 680 2078 περὶ
704 1996 859 2076 coniungi
882 2002 1026 2074 possent,
1061 1995 1171 2059 illatus
1205 2001 1264 2059 est.
1322 1993 1477 2060 Ceterum

247 2109 385 2183 uterque
415 2120 513 2166 casus
541 2121 581 2166 ex
609 2121 672 2166 usu
700 2102 910 2184 Thucydideo
939 2109 999 2178 est,
1030 2099 1070 2166 of.
1102 2100 1204 2166 Stahl.
1235 2101 1276 2166 ad
1304 2120 1334 2165 e.
1363 2102 1414 2178 14,
1442 2101 1474 2165 2.

250 2245 289 2256 -
314 2209 350 2272 ln
372 2207 395 2294 ξ
418 2207 438 2272 3
458 2209 652 2289 scripturam
672 2209 766 2272 Laur.
788 2210 951 2273 κατελύετο
972 2207 1059 2293 (cett.
1080 2206 1273 2294 κατελέλυτο)
1293 2208 1368 2274 ideo
1383 2227 1477 2289 prae-

247 2314 414 2380 ferendam
433 2333 507 2380 esse
526 2333 659 2390 censeo,
682 2316 760 2396 quia
777 2313 1005 2396 imperfectum
1024 2314 1150 2380 facilius
1170 2333 1269 2396 quam
1288 2315 1476 2396 plusquam-

248 2420 428 2502 perfectum
461 2421 502 2507 ad
536 2427 710 2503 utrumque
743 2429 887 2502 tempus:
922 2421 985 2486 dno
1012 2428 1121 2486 τοῦτον
1150 2421 1204 2485 τὸν
1232 2422 1348 2504 χρόνον
1375 2428 1407 2485 et
1436 2424 1478 2486 ἔτι

246 2529 401 2611 πρότερον
422 2527 569 2604 refertur,
592 2547 653 2593 nec
672 2535 783 2594 tamen
802 2529 982 2609 quidquam
1000 2527 1149 2608 prohibet
1170 2528 1249 2609 quin
1267 2526 1392 2608 imperf.
1417 2547 1478 2608 pro

249 2632 390 2715 plusqpf.
408 2635 494 2713 apud
514 2638 664 2714 superius
687 2636 830 2715 positum
849 2641 1012 2716 putemus
1038 2633 1079 2699 cf.
1097 2635 1214 2715 Krueg.
1232 2653 1367 2715 gramm.
1383 2632 1406 2719 ξ
1420 2633 1475 2710 53,

248 2741 360 2806 2adn.
379 2741 409 2804 8.
451 2738 497 2805 Cf.
515 2739 569 2811 45.
590 2742 624 2804 1:
650 2743 684 2805 ἐν
707 2741 742 2804 δὲ
763 2742 864 2824 τούτῳ
887 2742 941 2805 καὶ
964 2743 1006 2804 ἔτι
1025 2741 1179 2824 πρότερον
1196 2742 1477 2822 τάδε-ἐπράσ-

248 2871 338 2912 σετο.
377 2847 423 2912 De
448 2848 686 2927 permutatione
706 2846 882 2912 formarum
902 2846 943 2912 cf.
965 2849 1007 2912 ad
1028 2848 1094 2923 Vll,
1116 2847 1170 2925 43,
1192 2849 1223 2912 2.
1248 2847 1479 2928 -Scriptura

248 2955 353 3018 Vatic.
379 2953 451 3024 τοὺς
479 2954 713 3024 δυνατωτάτους
738 2951 790 3038 (cf.
819 2955 872 3030 21,
903 2955 936 3027 1;
962 2954 1016 3029 48,
1045 2951 1075 3038 1)
1102 2955 1165 3019 hoc
1189 2955 1264 3018 loco
1287 2955 1362 3019 ideo
1387 2973 1477 3019 nunc

250 3059 375 3125 Stablio
399 3061 505 3141 aptior
528 3080 601 3126 asse
635 3061 772 3138 videtur,
808 3061 897 3142 quod
930 3079 996 3125 non
1026 3061 1067 3125 de
1096 3061 1318 3142 optimatibus
1349 3060 1407 3125 sed
1436 3061 1477 3126 de

248 3167 482 3247 potentissimis
515 3166 665 3233 factionis
702 3169 869 3248 popularis
906 3173 1035 3248 agatur;
1076 3169 1228 3250 equidem
1259 3174 1370 3232 tamen
1398 3168 1479 3232 nihil

248 3273 354 3349 video,
390 3291 450 3337 cur
481 3274 688 3356 Thucydides
721 3276 886 3356 principes
915 3275 1056 3339 civitatis
1086 3274 1170 3358 (τοὺς
1196 3280 1395 3357 προεστῶτας
1422 3280 1478 3338 τοῦ

250 3379 369 3462 δήμου)
393 3378 465 3450 τοὺς
488 3380 640 3452 δυνατοὺς
662 3383 827 3462 appellare
850 3399 918 3445 non
942 3382 1092 3462 potuerit.

340 3485 399 3560 64,
417 3486 433 3550 1
451 3486 545 3550 Laur.
563 3489 699 3570 ἴσχωσιν,
720 3494 795 3552 cett.
811 3511 952 3570 προσσχ,
970 3509 1127 3570 προσεσχ,
1145 3488 1286 3571 προσίοχ.
1301 3486 1476 3568 praebent;

249 3593 387 3673 simplex
410 3591 549 3658 fortasse
573 3595 751 3674 genuinum
770 3600 829 3669 est,
852 3593 892 3658 cf.
915 3594 951 3669 ΙΙ,
974 3593 1027 3670 91,
1051 3595 1085 3671 1;
1112 3593 1179 3668 Vll,
1201 3591 1254 3670 35,
1276 3593 1345 3658 2et
1359 3593 1477 3676 Krueg.

249 3699 338 3776 adl,
366 3700 440 3776 110,
466 3701 487 3763 4
513 3697 569 3785 (2).
619 3699 774 3765 Similiter
796 3701 847 3777 ΙΙΙ,
874 3700 928 3776 29,
957 3701 972 3764 1
998 3701 1032 3763 in
1055 3700 1181 3781 aliquot
1204 3700 1300 3764 codd.
1327 3717 1394 3765 non
1423 3701 1477 3766 de·

250 3807 391 3870 terrimis
424 3825 465 3871 ex
497 3807 764 3887 interpretatione
795 3809 971 3889 προσέσχου
999 3807 1156 3887 seriptum
1184 3812 1243 3870 est.
1275 3841 1317 3854 —-
1341 3807 1378 3870 ln
1405 3805 1428 3892 ξ
1458 3807 1478 3871 3

250 3913 344 3976 Laur.
371 3912 580 3996 decipiatque
611 3913 752 3990 exhibet,
788 3914 886 3994 quod,
923 3932 999 3977 cum
1031 3914 1131 3978 etiam
1162 3913 1197 3976 in
1227 3913 1329 3978 Vatic.
1360 3913 1418 3997 ὅση
1448 3916 1477 3997 ἡ.

250 4020 407 4098 scriptum
436 4019 487 4095 sit,
523 4037 566 4084 an
593 4020 840 4086 rescribendum
867 4020 911 4084 sit
935 4019 1061 4096 neseio,
1092 4017 1132 4084 cf.
1167 4019 1333 4084 Demosth.
1359 4021 1476 4098 ΧΙΙΙΙΙ,

252 4125 330 4190 142:
356 4125 424 4189 ὅσοι
445 4133 551 4209 μῆνες.
598 4126 685 4192 Sane
713 4127 777 4202 Vll,
803 4127 856 4202 27,
884 4127 905 4191 5
929 4127 1020 4190 nulla
1041 4127 1198 4192 varietate
1220 4127 1255 4191 in
1278 4127 1374 4190 codd.
1401 4127 1477 4211 ὁση-

249 4235 343 4316 μέραι
373 4238 472 4297 extat.
500 4269 542 4279 -
565 4234 600 4297 ln
623 4232 646 4319 8
669 4232 689 4298 5
714 4234 818 4298 Vatic.
844 4234 1005 4314 scriptura
1028 4234 1133 4298 δοκεῖν
1161 4231 1376 4314 praeferenda
1403 4252 1478 4300 esse

250 4340 387 4415 videtur,
420 4337 461 4403 of.
494 4340 560 4416 Vll,
593 4341 646 4418 87,
678 4341 709 4405 5.
758 4339 845 4405 lnfra
875 4338 1020 4404 Stahlius
1047 4341 1081 4403 in
1107 4340 1158 4404 ed.
1185 4340 1239 4404 alt.
1265 4346 1355 4406 reete
1378 4341 1477 4421 scrip-

249 4452 357 4510 turam
379 4464 400 4510 a
423 4445 556 4530 Dionys.
584 4447 688 4512 Halic.
715 4443 758 4534 (p.
786 4445 862 4534 800)
887 4446 1067 4528 praebitam
1089 4453 1143 4530 τῆς
1162 4483 1205 4494 -
1224 4447 1365 4512 ὑπούλου
1388 4448 1478 4512 εὖνο-
