3262 5052
863 317 926 382 120

279 497 457 562 infinitivus
481 495 578 562 futuri
601 515 619 562 e
642 495 744 561 verbo
767 496 1003 579 προθυμεῖσθαι
1024 496 1171 576 pendens
1190 494 1369 560 offendunt.
1409 495 1504 576 Equi·

280 605 355 668 dem
388 603 547 684 suspicor,
582 621 641 683 pro
674 603 906 666 ἐπισπάσασθαι
937 601 1146 666 scribendum
1178 620 1251 667 esse
1283 603 1503 685 βιάσασθαι,

280 717 316 776 ut
339 729 379 776 ex
402 709 510 775 verbis
534 728 619 790 quae
643 709 844 790 praecedunt
868 709 1047 792 ἀποβαίνειν
1070 709 1221 773 audiatur
1246 705 1298 794 (of.
1320 709 1371 786 ΙΙΙ,
1394 708 1448 783 20,
1473 707 1502 794 Ι)

280 817 332 883 νεΙ
356 817 506 882 absolute
529 817 672 896 positum
695 834 768 880 esse
792 823 922 896 putetur
946 814 999 902 (ol.
1024 836 1054 879 v.
1077 835 1105 880 ο.
1132 816 1185 899 ΙΙΙ,
1211 816 1265 891 48,
1292 815 1327 889 2;
1356 815 1421 894 Vll,
1448 814 1502 890 69,

280 922 330 1010 4),
367 923 407 988 de
439 922 529 988 infin.
564 919 690 988 aoristi
720 923 806 1002 apud
838 923 1075 1005 προθυμεῖσθαι
1107 923 1213 1004 posito
1243 921 1284 986 of.
1310 923 1363 999 ΙΙΙ,
1392 922 1444 996 12,
1471 921 1502 984 2.

282 1029 444 1111 Sequitur,
470 1036 506 1094 ut
524 1030 559 1092 in
577 1027 600 1114 ξ
619 1029 640 1093 3
659 1029 834 1094 sententia:
861 1030 988 1100 ἐκείνοις
1010 1053 1041 1093 τε
1063 1031 1306 1112 βιαζομένοις
1327 1029 1392 1112 τὴν
1415 1029 1505 1092 ἀπό-

280 1139 388 1220 βασιν
410 1136 571 1219 ἁλώσιμον
592 1135 627 1200 τὸ
650 1137 769 1218 χωρίον
793 1137 951 1218 γίγνεσθαι
974 1154 1042 1200 non
1066 1154 1107 1200 ex
1130 1137 1243 1215 partic.
1268 1137 1448 1210 ἐλπίζοντες,
1472 1135 1505 1198 id

281 1243 369 1324 quod
401 1242 477 1306 inde
505 1242 547 1306 ab
571 1243 716 1306 Haaokio
746 1234 886 1306 editores
915 1247 1108 1318 statuerunt,
1144 1243 1202 1308 sed
1231 1261 1249 1307 e
1277 1243 1378 1308 verbo
1402 1244 1505 1324 ἡγεῖτο

282 1350 370 1430 quod
398 1349 597 1414 audiendum
625 1356 675 1413 est
698 1348 749 1412 vel
773 1349 881 1428 potius
904 1350 1036 1431 ἡγοῦντο
1060 1349 1210 1429 pendeat,
1246 1356 1282 1414 ut
1314 1349 1363 1412 bis
1396 1348 1506 1414 verbis

281 1475 383 1522 eausa
415 1473 482 1520 non
514 1474 573 1520 our
605 1473 678 1520 eam
712 1454 777 1518 loci
808 1461 934 1534 partem
966 1455 1092 1520 infirme
1121 1457 1328 1532 muniverint,
1363 1456 1508 1520 sedeur

282 1565 393 1628 hostes
416 1563 460 1626 ibi
483 1563 687 1642 potissimum
710 1561 742 1624 vi
765 1561 887 1626 aditum
912 1560 1085 1628 effecturos
1110 1581 1182 1628 esse
1206 1563 1389 1644 putaverint
1409 1563 1505 1644 signi-

281 1669 406 1735 fioetur.
428 1706 472 1716 —
491 1667 644 1734 Ceterum
667 1668 780 1732 nescio
805 1686 848 1732 an
871 1667 1032 1748 scriptura
1056 1669 1150 1732 Laur.
1177 1670 1389 1753 aporiaretur
1413 1687 1504 1748 prae-

282 1775 417 1843 ferenda
439 1775 490 1850 sit,
517 1773 557 1838 of.
584 1775 702 1855 Krueg.
729 1791 864 1854 gramm.
890 1772 989 1860 §39,
1014 1774 1052 1838 11
1078 1775 1153 1838 adn.
1178 1776 1194 1839 1
1221 1776 1382 1840 et'simile
1406 1776 1503 1840 oodd.

282 1883 437 1950 mendum
460 1881 541 1958 ΙΙΙΙΙ,
569 1873 621 1956 75,
648 1880 679 1944 2.

352 2029 353 2034 κ
374 1989 431 2063 10,
457 1989 486 2052 1.
514 2023 552 2032 -
579 1973 813 2071 ἀπερισκέπτως
842 1988 962 2060 εὔελπις
985 1988 1084 2070 ὁμόσε
1106 1995 1250 2071 χωρῆσαι
1272 1996 1335 2060 τοῖς
1357 1990 1506 2060 ἐναντίοις

281 2096 335 2162 καὶ
366 2097 402 2162 ἐκ
433 2095 553 2160 τούτων
585 2096 624 2158 ἂν
654 2094 912 2178 περιγενόμενος]
945 2094 1030 2159 male
1063 2093 1217 2170 Statilius,
1252 2097 1306 2159 eui
1336 2096 1504 2162 Herwerd.

282 2203 467 2278 assentitur,
503 2207 578 2282 post
609 2201 746 2266 verbum
778 2201 925 2272 ἐναντίοις
948 2202 998 2272 ὡς
1025 2201 1158 2276 addidit,
1195 2199 1374 2282 fragmento
1403 2202 1509 2268 Cassii

283 2309 395 2376 Dionis
412 2305 477 2394 (55,
496 2306 527 2394 7)
550 2308 651 2384 nisus,
678 2308 771 2372 ouius
795 2314 924 2388 praeter
938 2309 1136 2374 vocabulum
1151 2309 1385 2392 ἀπερισκέπτως
1399 2309 1508 2374 solum

283 2416 373 2480 nulla
400 2413 466 2480 iere
494 2433 570 2478 oum
598 2420 711 2478 nostro
740 2415 814 2478 loco
839 2415 1015 2480 similitudo
1040 2421 1104 2488 est;
1140 2433 1246 2496 neque
1271 2415 1371 2480 verba
1394 2417 1448 2480 καὶ
1471 2417 1507 2480 ἐκ

281 2523 401 2586 τούτων
425 2523 464 2584 ἂν
486 2521 725 2603 περιγενόμενος
748 2521 789 2586 ad
815 2517 1038 2604 cogitationes
1060 2521 1198 2586 militum
1217 2528 1292 2602 apte
1311 2521 1505 2597 referuntur,

284 2628 402 2709 quippe
435 2627 490 2707 qui
522 2645 588 2689 non
620 2626 823 2708 λογιζόμενοι,
856 2628 914 2691 sed
947 2629 1181 2710 ἀπερισκέπτως
1208 2629 1387 2708 periculum
1417 2630 1508 2696 adire

281 2734 433 2815 debeant.
482 2733 584 2797 lmmo
613 2733 733 2813 optime
763 2733 1000 2798 Demosthenes
1033 2753 1179 2810 oausam,
1215 2753 1274 2798 our
1310 2737 1427 2800 milites
1461 2737 1508 2800 sic

282 2842 444 2906 animatos
467 2857 540 2906 esse
564 2839 634 2919 ipse
657 2839 744 2916 velit,
771 2837 883 2904 adfert.
905 2877 947 2886 -
969 2838 993 2925 ξ
1015 2840 1046 2904 3.
1071 2841 1116 2924 μὴ
1141 2843 1283 2924 ῥᾳδίως
1306 2844 1394 2925 αὐτῷ
1415 2845 1509 2908 πάλιν

282 2950 379 3030 οὔσης
400 2953 454 3030 τῆς
476 2945 730 3029 ἀναχωρήσεως]
754 2947 867 3010 neseio
890 2965 934 3011 an
953 2947 1038 3012 male
1057 2948 1247 3014 adverbium
1266 2968 1325 3030 pro
1344 2950 1507 3016 adieetivo

284 3055 493 3120 substitutum
521 3053 577 3129 sit;
613 3052 709 3118 oodd.
736 3053 822 3118 enim
846 3053 884 3118 A.
911 3060 943 3118 et
967 3053 1002 3118 C.
1035 3053 1099 3139 (hie
1128 3074 1227 3120 manu
1255 3058 1359 3136 prima
1382 3075 1423 3122 ex
1446 3082 1510 3130 -ως

284 3157 479 3246 correctum)
504 3161 626 3243 ῥᾳδίας
649 3179 725 3224 oum
748 3159 905 3244 Dionysio
931 3159 973 3244 (p.
999 3160 1075 3249 798)
1100 3163 1268 3244 praebent,
1295 3165 1380 3228 sicut
1403 3165 1511 3230 eidem

285 3268 351 3346 Vll,
376 3268 408 3345 Ι,
434 3267 455 3330 4
480 3267 595 3350 (ῥᾴων)
621 3273 653 3332 et
676 3267 714 3332 A.
736 3267 772 3331 B.
795 3267 830 3332 C.
854 3268 887 3334 Ε.
911 3269 945 3332 F.
969 3269 1034 3346 Vll,
1060 3269 1113 3345 28,
1142 3271 1157 3334 1
1185 3270 1353 3354 (θάσσων),
1378 3277 1411 3336 et
1433 3271 1509 3335 talis

283 3374 513 3460 adverbiorum
545 3392 624 3438 usus
656 3392 677 3438 a
709 3376 948 3440 consuetudine
977 3377 1136 3442 sermonis
1165 3376 1329 3442 abhorret.
1357 3413 1399 3422 -
1423 3376 1509 3442 Infra

283 3481 385 3546 verba
411 3480 460 3546 ἐπὶ
486 3485 551 3552 τοῖς
577 3481 668 3546 ναυσὶ
695 3481 907 3546 scholiaslam
935 3483 1039 3546 secuti
1069 3483 1131 3565 (ἐπὶ
1157 3488 1221 3547 τῶν
1243 3484 1337 3567 νεῶν)
1362 3485 1447 3548 male
1472 3481 1508 3549 in

285 3583 434 3654 nauibus
461 3587 603 3652 editores
630 3595 776 3662 vertunt;
810 3590 911 3652 immo
934 3589 1059 3654 valent:
1093 3585 1188 3672 apud
1211 3608 1329 3666 παοεε,
1365 3591 1398 3654 ἐν
1429 3593 1509 3676 αὐτῇ

283 3701 320 3778 τῇ
344 3695 504 3778 ἀποβάσει.

377 3799 432 3874 ll.
455 3801 487 3866 4.
514 3795 556 3848 -ἓ
579 3801 633 3865 καὶ
655 3802 914 3884 φυλασσομένους
935 3807 999 3866 τῶν
1021 3807 1103 3866 νεῶν
1125 3802 1170 3886 μὴ
1193 3804 1420 3888 ξανιρίψωσιν]
1445 3802 1507 3869 fru-

285 3912 353 3972 stra
375 3907 417 3970 ad
439 3907 755 3989 interpretationem:
781 3904 926 3974 nauium
950 3924 1058 3973 causa
1080 3905 1252 3974 cauebant
1268 3910 1425 3975 tuendam
1444 3910 1508 3975 loci
1617 3933 1618 3956 v

285 4013 309 4090 Ι,
336 4013 388 4089 77,
414 4012 450 4087 3;
477 4013 514 4089 ΙΙ,
540 4014 594 4091 62,
620 4013 656 4091 3;
683 4013 736 4091 65,
759 4015 781 4078 4
805 4013 993 4090 afferuntur,
1020 4015 1075 4096 qui
1099 4021 1214 4082 omnes
1238 4034 1259 4080 a
1281 4023 1395 4083 nostro
1418 4036 1507 4098 pror·

286 4139 342 4184 sus
374 4118 535 4186 differunt.
583 4121 698 4202 Neque
730 4121 846 4186 melius
879 4121 1073 4188 scholiastes
1104 4122 1187 4194 τινὰς
1212 4128 1277 4186 τῶν
1303 4129 1384 4188 νεῶν
1411 4124 1506 4189 inter·

286 4232 441 4308 pretatur,
467 4244 543 4292 oum
566 4245 683 4293 omnes
707 4245 808 4293 naves
832 4229 949 4294 eodem
972 4229 1071 4294 modo
1094 4229 1293 4309 periclitatas
1315 4248 1390 4294 esse
1409 4248 1505 4311 appa·

285 4339 366 4400 reat.
406 4333 583 4415 Madvigius
609 4332 694 4418 (adv.
717 4335 786 4400 erit.
809 4335 821 4398 Ι
840 4355 871 4415 p.
893 4333 970 4422 318)
995 4336 1163 4402 notionem
1186 4337 1381 4416 partitivum,
1407 4355 1506 4418 quam

286 4441 435 4522 genetivo
463 4441 572 4506 inesse
599 4440 653 4506 ille
681 4442 760 4518 vult,
795 4441 847 4508 bic
881 4460 1013 4523 prorsus
1040 4442 1183 4522 ineptam
1207 4460 1280 4508 esse
1303 4445 1507 4510 contendens

286 4565 345 4627 pro
386 4548 431 4632 μὴ
470 4549 678 4630 ξοντρίψωσιν
714 4549 953 4614 substantivum
990 4549 1149 4632 ξύντριιμν
1186 4549 1395 4614 scribendum
1433 4567 1505 4620 asse
