3262 5052
839 345 880 408 92

247 523 286 586 ad
312 525 472 587 aoristum
496 523 725 605 ἐδουλώθησαν
747 523 863 586 melius
887 525 1050 587 convenit.
1075 521 1159 608 -ξ
1184 524 1214 586 6.
1241 523 1312 594 τοὺς
1336 523 1370 587 δὲ
1393 525 1473 587 ὕπο-

245 631 380 702 λοίπους,
409 633 440 693 εἴ
456 653 531 694 ποτε
553 631 615 712 ἄρα
647 629 855 713 ἐδυνήθησαν,
883 629 927 712 μὴ
957 630 1071 712 δρᾶσαι
1097 629 1205 713 τοῦτο]
1234 637 1323 694 recte
1352 625 1470 712 Krueg.

246 737 456 820 δυνηθείησαν
481 733 609 822 (melius
633 742 744 800 tamen
760 735 928 801 Dobreeus
953 735 1125 818 δυνηθεῖεν,
1152 733 1191 800 cf.
1210 735 1311 801 Stahl.
1329 756 1383 818 qu,
1400 756 1469 823 gn,

245 863 275 922 p.
303 841 357 928 62)
383 844 538 923 scriptum
562 843 674 918 voluit,
701 843 783 906 haec
807 843 985 908 adnotans:
1016 843 1093 907 «der
1111 843 1270 907 Indicativ
1288 844 1400 907 wiirde
1419 845 1473 910 die

245 949 451 1029 Mdglichkeit
474 949 652 1025 ablehnen;
678 950 900 1029 unpessend.»
951 950 1121 1030 vulgatam
1146 947 1290 1014 defendit
1313 949 1469 1028 Stahlius,

245 1075 321 1119 eum
345 1056 438 1120 dicit:
468 1056 664 1121 «indicativo
688 1056 721 1118 id
749 1055 794 1141 [ut
812 1057 1004 1136 potuissent,
1026 1062 1062 1119 ut
1080 1054 1218 1120 facultas
1238 1057 1348 1120 oblata
1369 1056 1469 1143 esset]

244 1163 341 1226 simul
371 1168 508 1243 negatur
532 1159 655 1225 factum
686 1182 759 1228 esse
784 1160 903 1248 (Lesbii
928 1164 1015 1228 enim
1040 1168 1072 1226 et
1096 1161 1166 1227 Chii
1190 1182 1257 1226 non
1281 1169 1373 1228 erant
1397 1164 1472 1228 sub-

245 1267 358 1354 acti)»;
389 1268 446 1333 sed
475 1287 515 1331 ex
544 1287 594 1343 eo,
626 1269 714 1349 quod
743 1289 810 1333 non
841 1269 969 1334 subacti
1002 1274 1104 1345 erunt,
1131 1263 1344 1352 facultatem
1372 1270 1470 1336 Athe-

245 1375 414 1439 niensibus
448 1393 515 1438 non
548 1372 647 1438 luisse
681 1375 832 1456 colligere
866 1395 933 1440 non
966 1376 1050 1440 lieet.
1101 1375 1305 1441 Classenium
1338 1378 1365 1440 si
1397 1378 1472 1458 quis

243 1481 349 1546 ridere
381 1482 479 1557 volet,
514 1483 621 1561 ipsum
655 1483 761 1546 adeat.
797 1521 840 1528 -
873 1481 1023 1546 Ceterum
1057 1484 1167 1563 paullo
1200 1503 1299 1564 supru
1336 1482 1473 1548 offendit

237 1604 410 1669 praesens
438 1591 551 1668 partio.
581 1595 644 1659 τοῖς
670 1590 936 1671 προγιγνομένοις,
967 1608 1026 1668 pro
1055 1609 1120 1670 quo
1150 1587 1287 1654 fortasse
1311 1592 1471 1670 scriptum

244 1693 304 1758 fuit
330 1696 585 1777 προγενομένοις,
614 1693 655 1758 cf.
683 1714 711 1758 c.
739 1695 791 1770 82,
818 1695 853 1768 3;
889 1713 966 1759 nam
999 1697 1063 1760 hoc
1097 1697 1216 1760 mendo
1250 1697 1376 1760 nullum
1409 1695 1470 1763 fre-

244 1801 396 1880 quentius
420 1807 479 1864 est.

336 1907 393 1981 ll,
417 1908 448 1972 3.
474 1945 513 1954 -·
541 1909 585 1991 μὴ
615 1910 654 1971 ἂν
679 1909 753 1979 τούς
780 1931 814 1990 γε
841 1909 1023 1991 ἰσοψήφους
1050 1910 1184 1980 ἄκοντας
1212 1909 1296 1994 κτλ]
1326 1928 1367 1973 ne
1396 1913 1473 1991 quis

242 2016 376 2086 ἑκόντος
408 2015 618 2079 scribendum
637 2015 724 2080 ¹esse
756 2016 929 2090 existimet,
960 2017 1151 2094 praesertim
1179 2035 1254 2080 cum
1283 2017 1472 2096 exemplum

242 2123 316 2186 talis
340 2122 619 2202 breviloquentiuc
643 2122 684 2185 ab
710 2120 834 2186 Stahlio
858 2122 1004 2185 adlatum
1030 2119 1094 2208 (IV,
1121 2122 1173 2198 86,
1199 2120 1244 2208 4),
1272 2124 1299 2186 si
1323 2124 1411 2187 hunc
1436 2126 1472 2188 in

244 2229 361 2294 Baueri
388 2231 579 2293 coniectura
606 2229 795 2308 recipienda
823 2230 1000 2310 sequimur,
1033 2229 1099 2292 ium
1123 2247 1190 2292 non
1214 2230 1332 2306 valeat,
1358 2230 1469 2294 locum

243 2337 381 2399 similem
409 2333 552 2416 proferre
581 2335 659 2399 libet
682 2355 722 2400 ex
746 2336 1020 2411 Demosth.'LlV,
1047 2335 1106 2399 32:
1137 2336 1277 2399 οὐδέποτ’
1303 2339 1342 2399 ἂν
1365 2373 1409 2382 -
1431 2338 1470 2402 τὰ

242 2443 347 2530 Ιψευδῆ
378 2449 546 2524 μαρτυρεῖν
578 2443 747 2525 ἠθέλησαν,
779 2444 808 2506 εἰ
836 2442 881 2525 μὴ
913 2443 1007 2505 ταῦθ’
1042 2443 1156 2524 ἑώρων
1186 2443 1377 2516 πεπονθότα,
1412 2445 1471 2508 ubi

242 2549 324 2611 haec
348 2553 458 2611 orator
486 2548 577 2611 dicit:
609 2567 788 2629 numquam
816 2547 898 2612 falsa
920 2567 979 2628 pro
1003 2549 1190 2612 testimonio
1215 2550 1323 2614 dicere
1347 2551 1469 2615 voluis-

242 2661 315 2717 sent
340 2651 462 2740 (neque
486 2649 572 2717 haec
597 2673 686 2737 quoe
709 2673 748 2718 re
772 2671 857 2720 uero
881 2651 1003 2719 dieunt
1029 2651 1146 2719 dicere
1170 2651 1378 2742 uoluissent),
1406 2659 1470 2722 nisi

243 2768 304 2824 cet.
353 2761 463 2825 Nostri
486 2761 582 2841 igitur
605 2761 670 2824 loci
695 2763 776 2826 haec
800 2763 963 2825 sententia
986 2767 1051 2826 est:
1084 2759 1264 2848 (negantes)
1297 2760 1333 2825 in
1357 2782 1469 2848 aequo

243 2871 333 2931 certe
358 2863 492 2949 positos
525 2864 652 2931 inuitos
686 2866 760 2952 (sibi
792 2885 1008 2931 succursuros
1037 2865 1148 2952 luisse)
1178 2887 1323 2952 eamque
1354 2868 1468 2957 ι’ρεαατ

242 2970 285 3038 ob
318 2991 402 3052 rem,
437 2969 507 3036 nisi
529 3009 582 3051 -,
617 2970 686 3038 sibi
715 2991 944 3039 succursuros
979 2968 1096 3042 fuisse.
1123 3011 1164 3020 -
1189 2974 1275 3039 lnfm
1298 2977 1465 3040 scribitur:

241 3118 285 3126 -
308 3081 419 3144 καὶτὰ
442 3082 597 3144 τελευταῖα
620 3081 757 3152 λιπόντες
779 3082 851 3154 κτλ,
883 3081 938 3144 ub'i
963 3081 1080 3161 Krueg.
1107 3087 1139 3145 et
1164 3081 1266 3146 Stahl.
1294 3084 1467 3148 articulum

242 3187 446 3263 deleverunt;
473 3188 531 3251 sed
555 3188 702 3252 similiter
725 3205 753 3252 e.
780 3188 833 3265 23,
860 3187 879 3252 3
903 3190 934 3252 ολ
957 3225 999 3235 -
1023 3189 1054 3252 οἱ
1074 3189 1238 3252 τελευταῖοι
1260 3191 1466 3273 καταβαίνον-

241 3317 289 3364 τες
317 3294 473 3373 seriptum
502 3295 638 3374 legimus
669 3293 825 3380 (Stuhlius
854 3296 927 3359 cod.
954 3295 995 3360 M.
1027 3295 1134 3359 solum
1162 3301 1295 3360 secutus
1323 3299 1413 3378 prius
1437 3301 1469 3364 οῖ

242 3401 409 3480 expunxit,
436 3417 502 3481 qua
526 3402 686 3481 scriptura
709 3402 809 3466 verba
832 3402 895 3466 ἀπὸ
918 3408 982 3466 τῶν
999 3403 1132 3484 πύργων
1150 3402 1296 3484 χαλεπῶς
1314 3407 1463 3484 apartic.

241 3508 479 3590 καταβαίνοντες
510 3509 719 3573 incommode
753 3515 960 3590 separantur;
995 3509 1161 3572 Herwerd.
1197 3509 1314 3572 eodem
1351 3512 1466 3578 codice

242 3618 376 3678 auctore
401 3611 436 3700 (l)
472 3613 610 3679 alterum
644 3613 775 3701 delevit)
809 3623 841 3680 et
868 3633 897 3679 c.
924 3613 977 3690 85,
1015 3615 1031 3677 1
1067 3614 1233 3697 (τοιαύταις
1264 3616 1372 3698 ὀργαῖς
1401 3625 1467 3691 ταῖς

240 3721 380 3800 πρώταις
403 3757 446 3766 -
469 3721 653 3804 ἐχρήσαντο)
683 3721 857 3785 collocatio
885 3721 1060 3786 verborum
1089 3739 1223 3800 prorsus
1253 3722 1396 3803 impedit,
1423 3745 1465 3792 ne

240 3833 305 3896 ταῖς
335 3828 475 3908 πρώταις
507 3827 662 3902 attributi,
697 3828 850 3898 τοιαύταις
882 3828 1060 3908 pmedicati
1091 3829 1163 3892 vice
1196 3826 1284 3912 fungi
1312 3836 1465 3911 putemus

243 3931 392 4018 (Stohl.);
428 3935 516 4013 quod
549 3937 576 3998 si
609 3935 655 3998 ita
687 3940 783 4010 esset,
819 3935 907 3998 haud
936 3933 1034 3998 dubie
1060 3935 1214 4006 τοιαύταις
1239 3942 1305 4006 ταῖς
1326 3939 1466 4018 πρώτοις

241 4041 348 4122 ὀργαῖς
379 4041 521 4120 positum
555 4040 679 4105 luisset.
729 4040 851 4105 Contra
885 4041 963 4118 Vlll,
997 4040 1070 4117 102,
1101 4041 1120 4105 2
1149 4043 1240 4106 artie.
1279 4043 1312 4106 ot
1342 4047 1465 4108 rectius

242 4166 317 4210 cum
340 4147 489 4210 πλέουσαι
511 4148 653 4228 iungitur
678 4144 731 4233 (cf.
760 4148 824 4222 Vll,
851 4147 904 4223 81,
930 4145 975 4233 4).

334 4253 390 4332 12,
416 4254 445 4317 1.
494 4253 514 4315 δ’
539 4277 571 4317 τε
599 4261 662 4324 τοῖς
689 4255 792 4325 ἄλλοις
818 4255 949 4337 μάλιστα
977 4257 1081 4318 εὔνοια
1109 4257 1206 4319 πίστιν
1233 4258 1362 4339 βεβαιοῖ,
1391 4260 1465 4340 ἡμῖν

240 4367 330 4424 τοῦτο
354 4361 372 4423 ὁ
395 4360 498 4443 φόβος
521 4360 635 4444 ε’χυρδν
657 4360 802 4444 παρεῖχε]
827 4359 1031 4425 Classenium
1059 4361 1258 4426 vocabulum
1284 4364 1382 4427 πίστιν
1410 4365 1463 4430 de·

241 4467 362 4532 lentem
395 4474 527 4532 secutus
561 4475 612 4532 est
645 4467 799 4545 Stahlius,
831 4467 919 4548 quod
948 4486 987 4531 eo
1016 4473 1145 4532 servato
1170 4471 1333 4534 sententia
1355 4473 1464 4538 minus

241 4579 317 4652 apta
340 4571 538 4650 efficeretur;
568 4593 663 4638 «nam
688 4581 864 4668 exnmutuo
884 4575 1000 4638 timore
1019 4573 1115 4638 fidem
1136 4577 1227 4640 nasci
1249 4595 1316 4640 non
1331 4597 1462 4658 posse.»
1543 4573 1546 4578 '
