3244 5060
734 315 774 378 13

108 479 115 495 '
154 491 274 570 quidem
299 494 459 556 sermonis
482 494 700 573 prolixitatem
725 493 806 570 Vlll,
833 493 885 569 90,
908 493 927 557 2
947 493 1107 570 invenias,
1135 512 1233 574 quem
1256 494 1367 558 locum

154 596 308 662 Herwerd.
334 599 495 687 integrum
518 600 689 681 reliquisse
714 601 823 663 miror.

234 705 265 783 8,
292 706 307 768 1
334 707 428 771 Laur.
455 727 567 772 veram
596 708 791 787 scripturam
819 707 987 788 ἀγγέλλων,
1016 725 1101 787 quae
1129 707 1173 776 in.
1189 708 1291 770 Vatic.
1318 731 1365 789 γρ.

151 815 244 885 extat,
283 813 398 877 leviter
420 820 617 895 corruptam
652 814 825 896 (ἅγγελλον)
858 814 1010 894 praebet;
1052 820 1225 878 contextus
1258 814 1363 877 Vatic.

149 916 344 999 ἀγγέλλοντας
368 919 509 985 exhibet.
531 921 630 984 —In
653 918 676 1005 ξ
695 920 714 983 2
740 919 929 985 Classenius
954 939 971 984 e
992 921 1096 984 Vatic.
1122 921 1202 984 κατὰ
1225 921 1289 1003 τὴν
1311 927 1366 985 τοῦ

148 1023 239 1105 λέγειν
265 1027 435 1090 ἀδυνασίαν
465 1029 608 1108 scripsit;
643 1027 701 1091 sed
734 1045 814 1090 usus
842 1027 1084 1109 Thucydidem,
1120 1046 1186 1108 quo
1214 1028 1366 1107 genetivo

147 1128 226 1194 inter
248 1134 523 1212 praepositionem
548 1140 580 1198 et
603 1133 843 1197 substantivum
867 1135 975 1213 posito
995 1134 1153 1197 articulus
1172 1134 1367 1197 substantivi

147 1239 310 1312 omittitur,
338 1240 494 1320 exemplis
517 1241 559 1304 ab
583 1242 654 1321 ipso
679 1241 719 1304 ad
747 1240 917 1317 V1,88‚4
942 1239 1070 1304 collatis
1094 1242 1173 1304 satis
1197 1240 1363 1321 probatur.
1470 1293 1471 1297 ,

146 1342 206 1408 Pro
235 1347 365 1428 γνώμης
394 1344 531 1411 fortasse
564 1347 682 1411 melius
708 1348 837 1430 μνήμης
864 1346 998 1428 praebet
1022 1347 1141 1422 Vatia,
1177 1365 1364 1427 quanquam

146 1452 221 1514 mihi
240 1470 283 1516 ne
302 1454 432 1536 γνώμης
450 1453 577 1524 ἐλλιπεῖς
597 1451 729 1533 quidem
744 1449 991 1536 (intellegentia
1006 1449 1204 1544 dejiciente)
1218 1454 1365 1533 ineptum

145 1574 215 1622 esse
233 1559 372 1623 videtur.
413 1558 564 1624 Ceterum
589 1561 730 1624 aoristus
753 1561 980 1643 ἀπαγγείλωσιν
1001 1557 1122 1645 (Laur.)
1149 1560 1276 1624 dehac
1299 1578 1365 1623 una

146 1663 304 1746 legatione
329 1667 454 1746 positus
478 1667 581 1747 magis
605 1685 704 1747 quam
728 1667 963 1749 ἀπαγγέλλωσιν
983 1663 1114 1752 (Valic.)
1135 1667 1254 1746 placet,
1281 1667 1367 1730 sicut

144 1769 225 1835 infra
266 1770 403 1836 fortasse
445 1774 678 1856 βουλεύσασθαι
712 1771 845 1860 (Vatic.)
888 1774 990 1854 magis
1029 1791 1126 1854 quam
1160 1773 1366 1856 βουλεύεσθαι

147 1874 278 1963 (laun),
305 1878 540 1958 cf.11,1;15‚
561 1881 589 1943 1.
630 1881 781 1945 Formam
805 1882 911 1953 αὐτοῦ,
935 1899 1034 1960 quam
1059 1898 1242 1943 cousensus
1266 1879 1362 1942 codd.

145 1966 340 2062 optimorum
359 1987 502 2066 praebet,
527 2006 586 2067 pro
606 1988 702 2050 αὑτοῦ
720 1987 942 2067 recipiendam
961 2005 1035 2050 esse
1055 1991 1144 2065 puto.
1183 1985 1365 2048 Articulum

144 2089 212 2161 τοὺς
244 2092 472 2176 (Ἀθηναίους)
505 2095 559 2156 vix
592 2099 681 2158 recte
715 2094 834 2158 omittit
866 2093 971 2157 Vatic.
1009 2130 1047 2138 —-
1084 2093 1119 2156 ln
1152 2092 1215 2156 fine
1249 2093 1365 2172 capitis

27 2281 28 2286 η
146 2196 332 2262 adverbium
363 2201 490 2282 μᾶλλον,
524 2200 612 2280 quod
646 2201 741 2263 codd.
777 2207 906 2281 praeter
936 2199 1041 2262 Vatie.
1078 2200 1240 2274 omittunt,
1276 2217 1363 2262 com-

146 2303 298 2380 probatur
324 2306 505 2370 imitatione
534 2307 647 2370 Dionis
672 2306 777 2371 Cassii
802 2305 938 2392 (XLVII,
965 2304 1018 2376 36,
1045 2303 1095 2390 2);
1125 2306 1190 2368 ἀλλ’
1221 2307 1311 2369 αὐτοί
1334 2330 1365 2369 τε

27 2425 28 2430 ’
147 2407 193 2471 διὰ
228 2412 374 2495 φυλακῆς
410 2415 529 2496 μᾶλλον
560 2417 580 2496 ἢ
614 2414 664 2477 διὰ
697 2414 854 2478 κινδύνων
885 2413 920 2476 τὸ
952 2411 1161 2494 στρατόπεδον
1194 2414 1364 2485 ἐποιοῦντο,

148 2533 331 2597 quanquam
359 2521 412 2584 hic
439 2522 509 2600 ipse
536 2521 631 2584 locus
660 2521 797 2602 impellit
830 2527 866 2584 ut
898 2519 1123 2601 Thucydidem
1156 2538 1214 2600 pro
1248 2521 1360 2600 partic.

28 2619 29 2632 ¹
144 2621 222 2703 ἔχων
254 2627 509 2706 comparativum
543 2627 692 2692 adverbii
717 2627 868 2704 alicuius
906 2634 941 2692 ut
968 2647 998 2690 v.
1025 2647 1054 2691 c.
1079 2627 1182 2700 πλέον,
1215 2627 1364 2706 posuisse

143 2731 349 2810 suspicemur.
399 2732 550 2798 Ceterum
576 2737 675 2799 etiam
702 2737 798 2800 Laur.
830 2739 849 2819 ἢ
885 2737 925 2800 δι’
960 2734 1100 2808 exhibet,
1134 2734 1222 2814 quod
1246 2752 1363 2796 manns

142 2853 201 2900 sec.
226 2839 260 2902 in
282 2840 343 2922 ἤδη
369 2841 516 2904 correxit.

224 2945 246 3009 9
272 2954 351 3009 extr.
378 2953 451 3026 post
473 2946 578 3011 verba
600 2946 656 3010 καὶ
679 2949 714 3011 τὸ
737 2949 837 3032 θέρος
860 2950 997 3014 ἐτελεύτα
1021 2953 1054 3012 et
1077 2948 1171 3010 Laur.
1198 2953 1231 3010 et
1255 2947 1360 3010 Vatic.

142 3069 315 3129 pronomen
346 3060 454 3117 τοῦτο
488 3055 625 3130 addunt,
662 3056 752 3136 quod
784 3076 859 3121 cum
889 3059 923 3120 in
952 3055 1068 3119 ceteris
1097 3053 1256 3116 similibus
1280 3052 1362 3115 locis

146 3153 296 3240 [collectis
320 3161 483 3224 addantur
506 3161 558 3234 lll,
586 3161 645 3236 863
675 3162 749 3239 102,
777 3161 806 3246 7]
834 3181 901 3226 uon
925 3162 1067 3242 positum
1091 3161 1132 3223 sit
1154 3160 1207 3222 hic
1231 3178 1363 3240 quoque

142 3267 318 3345 repudiavit
342 3266 502 3343 Stahlius3
530 3269 589 3332 sed
614 3269 793 3333 videndum
817 3275 875 3342 est,
903 3287 944 3332 ne
968 3269 1002 3330 in
1025 3274 1092 3331 tam
1115 3266 1241 3347 pusillis
1264 3265 1363 3330 rebus

144 3372 341 3437 similitudini
365 3375 502 3438 nimium
526 3374 720 3462 tribuatur„

229 3479 276 3545 to
304 3499 362 3560 pro
391 3482 500 3563 ἠρώτα
529 3481 634 3546 Vatic.
666 3483 823 3564 ἐπηρώτα
851 3481 992 3558 exhibet,
1029 3500 1128 3561 quam
1156 3480 1360 3559 scripturam,

29 3655 30 3674 η
145 3585 169 3646 si
194 3587 310 3650 ceteris
338 3586 434 3649 codd.
464 3588 687 3676 praeberetur,
718 3589 805 3651 haud
834 3589 931 3654 dubie
959 3586 1171 3668 praeferrem;
1203 3605 1291 3649 nunc
1320 3605 1363 3650 an

29 3677 31 3752 i
145 3693 336 3772 praepositio
366 3696 543 3758 correctori
567 3695 742 3758 tribuenda
765 3696 807 3758 sit
830 3696 953 3759 dubito.
1003 3695 1068 3759 Sed
1092 3701 1180 3758 certe
1204 3699 1278 3774 post
1301 3693 1360 3757 litt.

145 3794 217 3858 ΣΤΙ
249 3798 307 3860 litt.
342 3797 413 3860 ΕΠ
444 3797 538 3865 lacile
575 3801 727 3865 excidere
763 3809 948 3881 potuerunt.
997 3802 1033 3864 ln
1066 3819 1157 3882 seqq.
1198 3801 1363 3882 glossema

145 3907 192 3982 τῆς
213 3903 346 3976 πόλεως,
370 3906 459 3985 quod
483 3908 621 3972 articulo
646 3908 757 3971 addito
781 3927 857 3972 cum
876 3909 984 3972 verbis
1003 3909 1022 3971 ὁ
1041 3907 1242 3991 γραμματεὺς
1261 3909 1363 3971 artius

147 4006 244 4090 iungit
268 4010 385 4084 Vatic,
411 4019 501 4077 recte
525 4015 681 4094 expunxit
704 4015 811 4078 Herw.
1411 4091 1413 4096 ,

231 4115 288 4194 tl,
311 4117 326 4179 1
349 4119 547 4183 adiectivum
560 4120 697 4192 πολλοῖς,
718 4121 806 4200 quod
821 4121 855 4183 in
870 4121 974 4184 Vatic.
992 4128 1067 4202 post
1080 4122 1186 4190 ἄλλοις
1199 4122 1364 4185 intercidit

149 4217 194 4304 (cf.
221 4224 262 4287 ad
288 4223 340 4299 85,
367 4226 404 4302 4;
432 4225 510 4300 Vlll,
537 4225 591 4302 53,
618 4225 662 4311 2),
688 4233 777 4292 recte
801 4227 909 4290 verbis
933 4245 961 4290 c.
980 4227 1045 4302 8,1
1071 4229 1221 4298 πολλάκις
1247 4265 1278 4272 -
1310 4229 1363 4291 καὶ

147 4325 245 4392 ἄλλοτε
273 4330 402 4394 collatis
426 4329 569 4396 defendit
594 4332 747 4398 Stahlius.
775 4371 819 4378 —
841 4334 878 4396 ln
900 4331 922 4418 ξ
945 4333 965 4396 2
990 4351 1097 4413 neque
1121 4333 1229 4398 verbis
1252 4339 1308 4396 νῦν
1332 4341 1363 4397 et

147 4455 180 4506 ra
202 4455 288 4516 quae
311 4438 345 4500 in
371 4438 465 4503 Laur.
491 4439 620 4514 desunt,
646 4439 785 4504 libenter
808 4458 968 4515 caremus,
994 4458 1102 4520 neque
1122 4459 1139 4505 e
1160 4439 1264 4503 Vatic.
1291 4441 1362 4504 solo

148 4544 415 4625 praepositionem
442 4545 506 4608 ἀπὸ
535 4545 611 4629 (τῶν
639 4546 672 4608 ἐν
693 4546 731 4608 Σ.
754 4545 901 4629 πόλεων),
935 4563 1033 4626 qnam
1064 4547 1184 4609 addere
1213 4545 1267 4608 vix
1295 4549 1361 4610 cui-
