3244 5060
729 324 769 389 61

141 501 229 565 sibus
253 501 443 566 conciliaret
466 507 544 567 tuno
564 503 667 584 magis
686 503 783 567 etiam
802 503 1030 583 impellebatur
1043 501 1240 577 Alcibiades,
1267 501 1362 581 signi-

140 607 247 672 ficant.
288 608 335 672 De
355 609 573 690 Tissapherne
587 609 837 690 Peloponnesiis
861 609 1041 673 amicitiam·
1058 607 1247 672 renuntiare
1270 607 1361 671 dubi·

139 720 227 780 tante
260 715 432 780 Herbstius
448 711 540 797 'apte
573 733 603 779 c.
634 716 687 791 57,
725 717 741 779 1
777 715 984 799 (βουλόμενος
1015 753 1058 762 --
1090 715 1134 797 μὴ
1166 715 1362 778 παντάπασιν

139 822 435 905 ἐκπεπολεμῶσθαι)
466 829 502 887 et
533 841 562 886 o.
600 822 674 899 109,
712 823 727 885 1
762 820 904 897 confert;
944 821 1204 903 Peloponnesios
1237 820 1363 884 scilicet

139 946 276 993 numero
309 930 442 994 navium
475 935 555 994 tuno
588 930 773 1010 superiores
801 935 837 992 ut
860 929 923 992 sibi
945 929 1149 1009 periculosos
1173 927 1306 992 timebat
1331 933 1363 992 et

140 1036 332 1102 societatem
365 1036 614 1102 Atheniensium
646 1035 846 1116 requirebat,
883 1037 1010 1100 interea
1041 1041 1153 1100 tamen
1185 1035 1362 1098 amicitiam

139 1141 201 1205 sibi
225 1161 303 1206 cnm
326 1143 366 1206 iis
389 1143 646 1208 intercedentem
670 1142 850 1206 dissolvere
872 1142 1078 1222 gravabatur.
1118 1142 1154 1206 ln
1175 1141 1363 1221 parenthesi

138 1249 276 1312 eLaur.
312 1250 427 1330 αὐτῷ,
460 1268 507 1314 sc.
540 1249 749 1332 Τισσαφέρνει,
782 1249 994 1320 scribendum
1027 1255 1088 1324 est,
1123 1246 1165 1312 cl.
1198 1267 1227 1312 c.
1258 1247 1312 1320 43,
1343 1247 1363 1310 2

138 1374 224 1436 seq.;
256 1373 360 1420 causa
387 1357 533 1420 mutandi
562 1356 732 1436 genetivus
760 1357 862 1420 ὄντων
885 1356 941 1436 qul
964 1355 1131 1436 praeeedit
1154 1352 1254 1420 luisse
1276 1354 1362 1418 vide-

138 1468 200 1525 tur.
250 1460 404 1526 Ceterum
436 1470 512 1526 ante
544 1461 646 1527 verba
669 1463 702 1526 ἐν
723 1459 745 1545 ᾖ
767 1463 830 1524 κτλ.
854 1463 983 1543 gravius
1012 1461 1276 1543 distinguendum
1301 1468 1361 1536 est,

139 1587 214 1632 cum
236 1568 291 1632 τὸν
313 1573 368 1632 τοῦ
387 1567 501 1652 Ἄλκιβ.
527 1566 607 1654 (non
631 1566 739 1655 αὑτοῦ)
764 1569 858 1651 λόγον
882 1569 1005 1634 dictum
1028 1570 1079 1632 sil.
1097 1605 1140 1616 -
1155 1567 1240 1632 Ante
1259 1567 1364 1630 Λακε-

140 1675 322 1758 δαιμονίους
340 1675 432 1738 artic.
454 1675 564 1738 omisit
579 1678 673 1740 baur.
714 1674 974 1741 Collooalionem
993 1679 1150 1741 rariorem
1168 1675 1223 1746 τὰς
1241 1675 1365 1744 ἁπάσας

138 1789 254 1846 contra
282 1799 482 1846 consensum
507 1782 600 1846 Laur.
628 1788 662 1846 et
684 1783 789 1846 Vatic.
821 1789 947 1848 mutare
976 1803 1043 1848 non
1071 1782 1184 1847 debuit
1207 1780 1361 1854 Stablius,

138 1887 180 1951 cf.
203 1889 254 1964 Ill,
276 1887 330 1964 36,
348 1887 384 1952 2:
409 1887 481 1960 τοὺς
503 1890 643 1959 ἅπαντας
665 1888 904 1973 Μυτιληναίους.
928 1927 972 1936 -
995 1887 1081 1954 Infra
1104 1890 1138 1952 in
1163 1890 1257 1954 Laur.
1286 1889 1363 1951 sori·

138 1993 225 2059 bitur
248 1995 302 2058 καί
324 1995 382 2076 μίν
406 1995 445 2078 ὀὴ
469 1995 631 2078 ὁἌλιιιβ,
660 1997 748 2076 quod
776 1997 811 2060 in
838 1996 892 2060 καὶ
915 1997 934 2060 ὀ
956 1996 1015 2079 μίν
1039 1996 1077 2078 δὴ
1097 1995 1211 2080 Ἄλπιβ.
1237 2000 1362 2058 mutan-

138 2101 215 2165 dum
243 2120 317 2166 esse
345 2102 487 2174 videtur;
522 2120 599 2166 nam
627 2103 740 2182 partic.
768 2103 807 2186 ὀὴ
832 2103 942 2167 addita
966 2102 1172 2182 epanalepsis
1196 2101 1364 2182 aptissima

139 2209 249 2272 oritur.
270 2245 310 2254 -
327 2207 527 2288 Scripturam
544 2209 638 2272 Laur.
664 2217 711 2291 τῷ
726 2209 928 2292 Τισσαφέρνει
951 2228 1027 2274 cum
1051 2227 1162 2273 accus.
1183 2207 1237 2272 τὸν
1253 2206 1363 2271 Τισσα-

140 2315 258 2398 φέρνην
290 2315 324 2378 in
357 2321 433 2378 cett.
468 2315 542 2380 ideo
576 2322 795 2396 permutatum
829 2334 902 2380 esse
931 2318 1123 2397 putaverim,
1159 2322 1196 2379 ut
1227 2314 1362 2378 verbum

138 2422 270 2500 propius
311 2421 502 2503 θεραπεύων
544 2423 632 2486 unde
674 2423 830 2502 penderet
867 2422 1018 2494 haberet;
1064 2422 1122 2486 sed
1161 2419 1203 2486 el.
1244 2421 1375 2502 Krueg„

138 2545 271 2608 gramm.
297 2525 320 2611 ξ
343 2526 396 2599 60,
423 2525 443 2590 5
467 2527 542 2590 adn.
570 2528 601 2592 3.

228 2633 289 2714 53,
316 2634 331 2696 1
366 2640 442 2698 ante
475 2635 663 2717 ἀφικόμενοι
691 2635 795 2700 Velio.
827 2654 903 2700 cum
930 2635 1001 2700 aliis
1029 2637 1138 2716 inepte
1166 2636 1220 2700 καί
1247 2635 1361 2715 partio.

139 2741 235 2815 addit,
262 2739 303 2804 cf.
326 2740 437 2804 adnot.
465 2739 590 2805 Stahlii.
612 2779 656 2788 -
675 2741 697 2828 ξ
717 2742 737 2805 2
761 2742 863 2807 verba
885 2743 938 2805 καὶ
961 2743 1066 2806 ἄλλων
1088 2743 1122 2805 in
1147 2742 1240 2806 haur.
1266 2741 1363 2806 inter-

139 2849 296 2922 ciderunt,
333 2843 374 2910 of.
406 2845 472 2923 Vll,
507 2847 558 2924 11,
592 2849 626 2924 1;
660 2850 695 2912 in
724 2849 828 2913 vatio.
859 2847 917 2912 fuit
944 2850 1237 2931 μαρτυρουμένων,
1275 2848 1363 2928 quod

138 2955 274 3019 verbum
297 2954 350 3017 hio
374 2971 442 3016 non
466 2956 631 3032 convenit,
658 2955 715 3019 sed
740 2954 798 3018 litt.
823 2979 842 3016 α
867 2971 962 3020 crasa
984 2961 1043 3018 est.
1071 2991 1112 3000 -
1137 2955 1223 3019 Inter
1245 2955 1364 3037 πολλὴν

138 3070 168 3124 et
191 3061 364 3142 ἀντιλογίαν
387 3060 478 3124 artic.
504 3061 568 3143 τὴν
590 3061 794 3126 intercidisse
819 3061 984 3142 auspicum
1010 3059 1051 3124 cf.
1073 3059 1126 3135 38,
1149 3060 1180 3125 3.
1204 3097 1245 3107 -
1265 3061 1362 3125 Addi-

138 3173 318 3231 tamentum
350 3168 456 3230 αὐτῶν
489 3164 577 3251 (post
607 3164 750 3252 ἕκαστον)
780 3185 821 3230 ne
849 3168 882 3231 in
911 3168 1005 3230 Laur.
1040 3168 1173 3248 quidem
1197 3175 1295 3233 extat.
1323 3205 1363 3214 -

138 3273 200 3338 Pro
224 3276 329 3356 ἥντινα
355 3273 489 3356 (ἐλπίδα)
513 3274 547 3336 in
571 3274 675 3338 Vatie.
697 3275 849 3338 scribitur
867 3276 898 3337 εἴ
910 3297 985 3346 τινα,
1005 3275 1093 3354 quod
1114 3282 1246 3356 propter
1265 3276 1366 3340 verba

140 3377 173 3464 (ξ
196 3375 246 3464 3);
272 3380 367 3442 ὁπότε
391 3381 496 3464 δὲμὴ
528 3387 620 3463 φαῖεν
648 3387 836 3445 correctura
863 3381 990 3445 illatum
1023 3399 1096 3446 esse
1129 3382 1271 3459 videtur;
1307 3383 1365 3446 sed

138 3486 300 3551 sententia
323 3487 603 3568 interrogationis:
628 3489 733 3570 ἥντινα
756 3489 819 3551 κτλ.
842 3488 939 3568 plane
963 3488 1080 3552 eadem
1104 3495 1162 3552 est.
1188 3525 1226 3534 -
1247 3489 1284 3552 ln
1303 3485 1326 3573 ξ
1345 3489 1365 3553 3

138 3611 213 3656 cum
236 3599 375 3672 uterque
399 3595 472 3657 cod.
494 3593 588 3658 ὁπότε
612 3594 651 3677 δὴ
676 3594 841 3675 praebeat,
868 3593 1006 3658 fortasse
1030 3595 1124 3658 ὁπότε
1146 3595 1206 3678 (δὲ)
1229 3595 1268 3676 ὀὴ
1289 3595 1365 3658 scri-

137 3698 280 3763 bendum
305 3706 372 3772 est;
398 3699 438 3764 cl.
464 3701 570 3784 ἐπειδὴ
595 3719 671 3765 cum
696 3707 797 3782 optat.
824 3702 974 3767 iterativo
997 3703 1141 3784 positum
1164 3701 1231 3776 Vll,
1257 3703 1312 3778 44,
1335 3701 1365 3764 8.

139 3803 242 3869 Vatic.
269 3806 406 3869 ἐνταῦθα
430 3807 492 3890 ἤδη
517 3807 659 3884 exhibet,
686 3809 744 3874 sed
768 3807 808 3872 cl.
835 3809 877 3873 ad
901 3808 969 3888 Vll,
995 3806 1051 3884 55,
1080 3809 1109 3871 1.
1134 3805 1371 3887 —Scriptura

139 3909 232 3974 Laur.
259 3912 387 3993 ἐλέγετο
411 3914 516 3984 αὐτοῖς
538 3932 582 3978 an
605 3915 747 3996 genuina
769 3915 811 3978 sit
834 3915 959 3994 nescio,
986 3913 1028 3982 cf.
1056 3915 1110 3992 67,
1136 3913 1167 3978 3.
1193 3912 1370 3978 -Verba

137 4015 191 4088 τὰς
212 4017 314 4100 ἀρχὰς
334 4020 509 4101 ποιήσομεν
533 4019 650 4105 (Vatia.
678 4019 826 4106 -σοιγιεν),
861 4039 947 4102 quae
975 4022 1018 4089 ab
1049 4021 1217 4102 Stephano
1246 4025 1279 4084 et
1307 4019 1368 4083 Do-

139 4121 236 4188 breeo
264 4124 299 4187 in
327 4126 549 4206 suspicionem
576 4133 696 4191 vocata
718 4127 884 4194 Herwerd.
911 4130 1079 4210 expunxit,
1111 4129 1206 4192 baur.
1238 4127 1366 4200 omittit,

140 4235 170 4293 et
201 4231 290 4295 band
324 4231 422 4296 dubie
455 4232 596 4297 delenda
628 4239 714 4298 sunt.
761 4234 877 4316 Neque
904 4237 993 4299 enim
1021 4236 1097 4300 loco
1126 4254 1155 4299 o.
1181 4234 1235 4310 48,
1269 4235 1302 4297 1;
1331 4232 1368 4295 τὰ

138 4339 305 4421 πράγματα
325 4373 366 4384 -
389 4339 421 4410 ἐς
443 4339 558 4410 αὐτοὺς
579 4342 802 4423 περιποιήσειν
824 4342 902 4406 salis
927 4339 1161 4418 defenduntur;
1187 4347 1304 4405 eontra
1326 4339 1367 4406 de

141 4442 307 4509 locutione
336 4445 504 4510 πολιτεύειν
518 4483 562 4494 -
576 4447 610 4518 ἐς
637 4448 760 4530 ὀλίγους
783 4445 824 4512 cf.
850 4446 903 4524 38,
929 4447 966 4512 3:
995 4455 1051 4531 τῆς
1073 4449 1168 4531 ἄλλης
1189 4447 1314 4519 πόλεως
1337 4447 1369 4519 ἐς

141 4549 275 4634 ὀλίγους
299 4549 451 4638 (restituit
474 4550 588 4638 Dobr.)
617 4555 829 4636 κατεχομένης
851 4559 884 4618 et
906 4553 944 4630 ll,
970 4553 1023 4630 37,
1052 4555 1086 4618 1:
1111 4555 1156 4638 μὴ
1180 4555 1213 4625 ίς
1235 4554 1368 4637 ὀλίγους,
