3262 5052
717 320 760 384 99

125 515 200 572 προ-
229 499 262 556 ct
292 519 392 576 προσ·
422 498 506 562 inter
533 515 570 562 se
599 506 823 578 permutentur
850 499 951 584 (velut
979 499 1032 574 42,
1059 499 1079 563 3
1103 499 1176 564 libri
1198 501 1352 565 meliores

126 606 251 677 praeter
285 601 381 667 Laur.
415 628 619 694 προσκατηγ.
652 624 804 686 perverse
838 606 969 682 habent,
1005 607 1058 670 hic
1096 607 1201 670 codex
1238 625 1352 672 rursus

125 705 176 779 44,
202 705 223 768 3
246 711 426 792 προσθεῖσι
452 731 511 792 pro
538 713 684 794 πραθεῖσι
713 711 867 799 exhibet).
922 711 986 778 Sed
1016 714 1106 778 notio
1136 709 1348 796 imponendi,

126 813 283 883 addendi
310 817 374 893 hic,
406 819 531 897 opinor,
563 819 669 898 aptior
696 837 796 899 quam
824 819 915 884 notio
932 815 1158 902 proponendi
1181 827 1240 898 est,
1266 821 1353 885 sicut

18 1003 19 1020 Χ
126 925 223 1006 Soph.
251 923 289 990 Ο.
317 925 356 987 R.
385 925 470 988 1490
493 925 544 989 ed.
572 925 666 990 Dind.
695 923 805 1012 (1426)
826 927 982 1008 μέριμναν
997 928 1199 1009 προσθέσθαι
1212 927 1352 1008 (curam

125 1029 313 1115 suscipere)
327 1031 479 1094 scribitur
494 1029 678 1118 (Elmsleius
692 1033 873 1114 προθέσθαι
888 1031 1041 1119 scripsit).
1068 1033 1191 1098 Contra
1205 1053 1233 1100 c.
1250 1033 1304 1110 45,
1317 1033 1348 1111 3,

126 1139 179 1203 ubi
212 1140 253 1202 de
286 1138 402 1218 poenis
434 1139 603 1204 hominum
632 1141 901 1204 deterrendorum
930 1159 1032 1205 causa
1061 1142 1257 1217 constitutis,
1284 1161 1352 1206 non

123 1245 277 1310 iniunctis
301 1245 417 1325 agitur,
444 1252 559 1310 contra
577 1265 777 1312 consensum
798 1248 895 1312 codd.
916 1248 1123 1328 προτιθέντες
1141 1247 1351 1312 scribendum

124 1371 194 1416 esse
220 1349 309 1436 (eum
336 1350 512 1438 liruegero)
537 1354 697 1430 existimo,
726 1353 766 1417 cl.
792 1352 815 1438 ξ
841 1356 874 1418 1ι
900 1355 996 1436 ζημία
1018 1353 1187 1436 πρόκειται
1209 1360 1243 1419 et
1266 1353 1288 1439 ξ
1312 1354 1349 1420 3:

124 1460 246 1522 κεῖσθαι
269 1458 374 1529 αὐτὰς.
388 1497 432 1506 —·
447 1458 576 1540 Optimo
601 1462 671 1524 iure
696 1459 841 1524 Stahlius
865 1479 894 1524 c.
912 1460 965 1536 38,
983 1459 1003 1522 2
1030 1461 1087 1542 (τῷ
1109 1461 1213 1542 λέγειν·
1228 1463 1350 1524 πιστεύ-

18 1635 20 1644 ,
124 1589 179 1636 σας
202 1601 244 1612 -
269 1568 289 1648 ἢ
322 1567 427 1648 κέρδει
458 1567 677 1648 ἐπαιρόμενος)
712 1567 788 1630 coll.
824 1567 1020 1632 adieclivum
1052 1567 1161 1648 πιστὴν
1189 1565 1348 1644 defendit;

18 1755 19 1772 .
124 1673 180 1736 sed
204 1691 282 1736 cum
305 1672 504 1736 vocabulum
526 1673 634 1736 ἐίπίθσ
659 1673 699 1736 ad
724 1673 849 1756 ὠνητὴν
870 1673 1010 1738 relatum
1036 1691 1103 1736 non
1123 1673 1163 1738 de
1183 1673 1255 1754 ipsa
1279 1693 1347 1755 spe,

18 1777 19 1844 l
125 1780 179 1844 sed
204 1780 245 1844 de
270 1797 311 1844 ea
334 1797 369 1842 re
394 1795 478 1859 quae
501 1784 650 1858 speratur
673 1779 796 1843 dictum
821 1779 876 1856 sit,
898 1785 935 1842 ut
957 1779 1166 1843 concinnitas
1189 1781 1350 1845 sermonis

124 1891 279 1962 servetur,
310 1885 419 1967 πιστὴν
441 1903 509 1948 non
526 1879 669 1968 fretam
696 1885 807 1952 valere
834 1886 1044 1950 statuendum
1077 1893 1141 1958 est;
1175 1887 1208 1950 id
1240 1888 1350 1968 potius
1389 1969 1394 1975 Α

123 1991 292 2072 significat,
328 1987 421 2074 quod
445 1987 692 2072 persuadendo
720 1989 885 2074 peroiuci
909 1995 1031 2074 potest,
1060 1997 1096 2055 ut
1124 2011 1183 2073 pro
1207 1989 1349 2077 *πειστὴν

123 2099 264 2176 positum
298 2098 339 2160 sit
369 2095 421 2182 (ef.
451 2097 504 2174 43,
540 2097 576 2161 2:
611 2099 722 2162 τὸν-
753 2099 789 2162 τὰ
823 2099 980 2162 δεινότατα
1012 2099 1207 2181 βσαλόμενσν
1237 2105 1349 2172 πεῖσαι,

123 2205 288 2284 Aristoph.
314 2204 399 2268 Nub.
427 2205 468 2268 77
503 2203 691 2289 [Herwerd.‚
724 2207 780 2286 qui
810 2205 935 2288 πειστὴν
963 2203 1127 2290 coniecitl,
1162 2205 1257 2268 Hom.
1285 2203 1345 2270 Od.

123 2311 174 2387 Xl,
201 2307 292 2398 456),
319 2311 407 2392 quod
426 2311 562 2376 verbum
580 2311 678 2376 Attici
697 2330 764 2376 non
784 2311 996 2392 usurpabant.
1045 2311 1220 2376 Verbalem
1239 2312 1347 2376 adiec-

122 2419 177 2481 tivi
199 2417 307 2488 πιστὸς
330 2417 599 2498 significationem
623 2437 689 2482 non
714 2420 849 2483 omnino
873 2418 1047 2482 evanuisse
1067 2416 1171 2482 lorma
1190 2419 1348 2502 ἐπιθόμην

123 2525 224 2590 titulis
248 2525 464 2605 comprobata
489 2522 530 2609 (v.
557 2525 719 2590 Meisterh.
746 2545 792 2606 gr.
814 2526 912 2588 inser.
934 2523 1000 2588 Att.
1022 2543 1053 2604 p.
1071 2522 1125 2607 87)
1150 2527 1218 2590 veri
1242 2525 1348 2589 simile

18 2715 19 2736 Χ
123 2631 164 2694 tlt.
187 2669 229 2681 -—
250 2633 287 2694 ln
306 2630 329 2717 ξ
348 2631 379 2706 3,
400 2631 456 2695 ubi
476 2633 552 2694 οἵτε
574 2633 736 2716 τέρποντες
754 2633 840 2714 λόγῳ
859 2632 989 2714 ῥήτορες
1004 2631 1166 2706 scribitur,
1188 2633 1348 2715 ῥήτορες

18 2737 19 2744 ’
124 2730 299 2804 delendum
329 2756 402 2802 esse
425 2739 589 2818 suspicor;
620 2739 766 2803 similiter
789 2758 818 2802 c.
845 2737 898 2814 38,
925 2737 946 2802 3
970 2757 1028 2818 pro
1052 2739 1168 2820 ἑτέροις
1190 2739 1224 2802 in
1249 2739 1343 2802 Laur.

122 2852 182 2916 τοῖς
204 2847 333 2928 ῥήτορσι
355 2845 494 2925 irrepsit.
544 2845 603 2908 Hic
623 2847 728 2910 codex
748 2845 838 2908 solus
857 2846 891 2908 in
909 2842 932 2930 ξ
950 2845 971 2906 4
990 2845 1023 2908 ἕν
1041 2869 1076 2908 τε
1096 2845 1241 2918 ξυνείὼν,
1256 2843 1346 2925 quod

123 2958 208 3016 recte
231 2950 378 3016 Stahlius
410 2969 469 3031 pro
500 2953 535 3014 ἓν
563 2951 597 3014 δὲ
625 2945 650 3024 ξζ
680 2953 870 3016 coniectura
898 2952 1017 3032 posuit,
1044 2951 1185 3015 exhibet.
1212 2988 1256 2996 -
1279 2949 1301 3036 ξ
1325 2950 1346 3014 5

123 3065 208 3122 recte
232 3060 266 3121 in
291 3059 386 3121 Laur.
412 3057 565 3122 scribitur
587 3060 692 3140 ὑμῶν.

211 3165 271 3239 42,
296 3163 327 3228 3.
374 3165 585 3248 χαλεπώτατοι
609 3165 727 3228 δὲκαὶ
751 3166 781 3228 oi
803 3165 852 3228 ἐπὶ
874 3166 1013 3247 χρήμασι
1035 3169 1347 3246 προκατηγορσῦντες

124 3271 199 3356 ντί]
223 3273 310 3336 male
335 3271 501 3336 llerwerd.
527 3279 749 3337 correcturum
773 3271 943 3335 Badhamii
971 3294 999 3350 χ.
1028 3269 1198 3332 θ’ἒκεῖνοι
1226 3271 1256 3333 ol
1282 3271 1345 3334 κτλ.

123 3381 258 3458 recepit;
293 3397 370 3442 nam
402 3378 516 3460 partic.
550 3379 612 3452 τισὶ,
646 3397 846 3459 quamquam
879 3377 953 3441 loco
985 3375 1118 3440 insolito
1149 3377 1255 3456 posita
1283 3384 1342 3453 est,

123 3487 198 3563 quin
221 3486 289 3548 vim
311 3485 502 3550 intendendi
524 3484 651 3552 habens
670 3485 712 3548 ad
731 3483 965 3564 superlativum
983 3482 1154 3562 pertineat,
1172 3501 1239 3547 non
1253 3483 1344 3546 dubi-

18 3575 19 3580 *
122 3592 180 3652 tari
204 3596 327 3670 potest;
353 3592 437 3656 idem
460 3591 603 3656 Stahlius
623 3587 765 3656 demum
784 3597 915 3655 vertens
935 3591 1087 3654 statuisse
1108 3589 1245 3654 videtur.
1295 3588 1342 3654 Cf.

122 3696 194 3760 adn.
212 3697 330 3776 Krueg.
350 3698 392 3760 ad
416 3698 439 3773 l,
457 3697 510 3775 95,
527 3698 559 3760 4.
586 3735 630 3744 -
653 3697 675 3783 ξ
699 3699 730 3762 ,4.
757 3699 898 3780 ἐλάχιστα
923 3697 982 3779 γὰρ
1006 3699 1045 3760 ἂν
1067 3696 1221 3760 πεισθεῖεν
1240 3696 1344 3778 ἁμαρ-

122 3803 234 3886 τάνειν]
259 3803 332 3866 libri
350 3805 551 3887 πεισθείησαν
570 3805 625 3886 dp.
647 3804 812 3870 exhibent.
862 3803 995 3868 Frustra
1014 3802 1170 3866 transitus
1194 3821 1215 3866 a
1237 3803 1344 3884 singu·

18 3905 19 3912 ’
122 3907 178 3972 lari
203 3910 324 3992 (πλεῖστ’
349 3912 388 3973 ἂν
411 3911 548 3992 ὀρθοῖτσ,
572 3929 619 3974 sc.
641 3911 780 3994 ἡπόλις)
802 3911 844 3974 ad
864 3909 1025 3990 pluralem
1045 3927 1217 3973 numerum
1239 3907 1345 3974 factus

123 4013 200 4080 locis
220 4016 273 4092 72,
295 4015 331 4089 3;
358 4017 438 4092 Vlll,
461 4017 512 4090 72,
535 4016 554 4079 2
575 4017 703 4082 collatis
722 4015 917 4093 defenditur,
944 4017 1063 4098 quippe
1087 4017 1143 4096 qui
1168 4016 1345 4080 admodum

123 4122 242 4186 nullam
266 4125 447 4196 sententiae
471 4141 623 4202 perverse
647 4123 884 4204 intellegendae
914 4125 1125 4189 occasionem
1153 4122 1341 4202 praebeant,

123 4245 225 4310 neque
249 4249 307 4310 per
331 4229 586 4294 concinnitatem
610 4231 771 4294 sermonis
794 4231 939 4304 πείσειαν,
967 4230 1000 4294 id
1024 4229 1112 4310 quod
1137 4227 1239 4292 Class.
1267 4247 1343 4294 eon·

121 4333 203 4410 iecit,
239 4335 381 4400 scribere
412 4336 498 4400 licet.
549 4337 640 4400 Haud
665 4336 762 4400 dubie
785 4339 882 4417 igitur
904 4335 1094 4415 recipienda
1118 4341 1168 4398 est
1194 4335 1344 4416 Madvigii

123 4444 309 4507 coniectura
331 4443 471 4524 πεισθείη
496 4443 749 4524 ξυνσμσρτάνειν
774 4440 859 4528 (adv.
887 4443 957 4506 crit.
981 4441 993 4504 l
1018 4461 1048 4522 p.
1070 4440 1146 4518 315,
1172 4440 1344 4520 ubilapsu

1098 4561 1131 4615 70
