3244 5060
733 307 873 396 ἰι

242 527 408 586 sanorum,
434 527 502 573 non
526 510 665 574 orationi
681 509 808 592 Gylippi
832 513 1002 592 oppositae
1027 513 1102 588 sint,
1129 513 1245 576 melius
1268 513 1327 595 μὲν
1350 514 1463 577 aberit.

244 653 284 662 -
307 613 330 700 ξ
352 617 373 679 4
398 617 500 696 magis
524 616 633 696 placet
655 616 760 700 ἐπειδὴ
787 615 908 703 (baur.)
934 637 1032 698 quam
1056 619 1121 682 ἐπεὶ
1146 617 1287 704 (Vatia).

333 723 366 800 6,
398 723 426 785 1.
459 727 548 786 νικᾶν
574 747 606 786 τε
632 725 824 805 μαχομένοις
853 724 902 787 διὰ
930 724 1046 795 παντὸς
1073 726 1126 788 καὶ
1152 727 1236 809 μηδὲ
1258 725 1462 812 μάχεσθαι]

241 831 276 892 in
302 830 405 892 Vaiic.
441 829 625 911 duriusculos,
659 832 878 912 superscripto
911 832 1070 914 μάχεσθαι
1106 831 1181 917 {non
1212 834 1380 915 polygamiae,
1414 833 1466 896 ad·

243 980 363 1060 scripto
401 936 587 1105 mma&
625 987 661 1043 ut
692 981 849 1045 indicavit
882 980 1011 1066 Classl,
1048 983 1172 1063 legitur,
1209 985 1297 1063 quod
1329 983 1465 1048 verbum

244 1132 322 1211 quin
360 1148 380 1194 a
416 1137 601 1196 correctore
639 1133 702 1196 vim
741 1135 923 1198 sententiae
960 1135 994 1197 in
1030 1136 1223 1214 repetitione
1266 1137 1339 1215 ipsa
1375 1133 1466 1199 verbi

242 1238 401 1319 μάχεσθαι
433 1239 574 1318 positam
602 1257 674 1303 esse
703 1259 770 1304 non
799 1241 1005 1321 intellegente
1035 1260 1093 1320 pro
1122 1242 1185 1306 hoc
1215 1243 1256 1306 ad
1281 1260 1467 1307 sermonem

243 1344 435 1408 variandum
469 1345 679 1409 substitutum
713 1347 753 1410 sit
786 1367 852 1411 non
885 1347 1027 1412 dubitari
1060 1355 1177 1429 potest.
1227 1349 1273 1412 Ex
1302 1350 1366 1412 alio
1391 1349 1464 1412 cod.

243 1470 273 1512 v.
310 1451 329 1514 Ι.
364 1452 523 1534 μάχεσθαι
561 1453 671 1516 addita
709 1459 768 1518 cst.
831 1453 1012 1518 Collocatio
1045 1456 1216 1537 ἀναγκαῖον
1248 1458 1350 1539 σφίσιν
1382 1455 1466 1529 εἶναι,

244 1575 341 1637 quam
376 1577 475 1637 snpra
499 1558 633 1638 praebet
656 1561 760 1624 Vatic.
788 1559 875 1646 (cett.
903 1563 930 1624 ἀ.
954 1587 977 1625 ε.
1001 1561 1051 1647 ο),
1087 1563 1171 1628 sitne
1196 1564 1386 1643 exquisitior
1410 1562 1465 1625 du-

244 1664 324 1728 bito.
350 1701 394 1724 -«
417 1662 439 1749 ξ
462 1664 482 1728 3
506 1666 540 1728 in
566 1666 669 1730 Vatic.
704 1669 809 1749 κέρατι
843 1665 886 1752 (in
921 1692 967 1750 γρ.
1000 1671 1087 1751 κέρᾳ,
1120 1676 1156 1733 ut
1183 1689 1287 1750 supra
1318 1667 1349 1754 [ἓ
1374 1667 1401 1753 1]
1432 1671 1467 1732 in

245 1777 332 1835 cont.
362 1771 397 1834 τὸ
425 1771 510 1845 αὐτὸ,
538 1773 572 1834 in
601 1797 647 1854 γρ.
675 1772 797 1859 ταύτὸν)
827 1775 992 1845 scribitur:
1028 1777 1087 1840 sed
1116 1777 1361 1857 complurimis
1385 1777 1466 1840 locis

245 1875 443 1960 Thucydidis
476 1879 674 1942 vocabulum
706 1881 802 1961 κέρας
829 1900 887 1960 per
912 1873 1184 1958 contractionem,
1221 1901 1287 1947 uno
1316 1883 1387 1946 solo
1414 1881 1463 1966 (V,

247 1985 298 2060 71,
335 1985 369 2047 1:
404 1981 532 2070 κέρατα)
566 2004 624 2065 per
650 2011 666 2047 ι
693 1987 833 2050 litteram
865 1986 1027 2064 flectatur,
1064 1990 1224 2068 scriptura
1257 1996 1331 2054 cett.
1368 1989 1464 2052 codd.

229 2089 459 2177 praeferenda
491 2099 549 2155 est.
599 2092 705 2156 Unum
735 2095 775 2157 de
802 2095 866 2158 hoe
894 2094 1057 2158 vocabulo
1084 2097 1307 2160 testimonium
1331 2097 1466 2177 inscrip-

244 2199 371 2261 tionum
385 2197 566 2262 Atticarum
590 2205 688 2278 extat,
715 2201 748 2263 in
772 2221 837 2281 quo
861 2227 877 2263 ι
900 2201 958 2264 litt.
985 2203 1148 2266 invenitur
1169 2200 1220 2288 (cf.
1240 2203 1463 2267 Meisterhans.

245 2323 289 2383 gr.
316 2305 413 2366 inser
441 2304 505 2367 Att.
532 2303 554 2390 ἕ
577 2306 630 2382 34,
657 2305 706 2392 3);
742 2309 830 2388 quod
859 2327 934 2372 cum
963 2327 981 2372 e
1010 2309 1108 2384 duali,
1140 2311 1195 2389 qui
1224 2329 1379 2374 numerus
1403 2311 1466 2374 nisi

245 2429 302 2490 per
324 2434 340 2472 ι
363 2411 422 2473 litt.
449 2411 633 2476 flecteretur
661 2433 736 2477 cum
766 2415 882 2494 plurali
910 2416 1235 2496 planecongrueret,
1267 2417 1400 2480 ductum
1425 2418 1466 2480 sit

244 2518 379 2580 minoris
404 2515 589 2582 faciendum
614 2525 673 2584 est.
694 2521 863 2584 ——Paullo
887 2519 971 2584 infra
994 2529 1082 2586 reete
1106 2541 1164 2602 pro
1186 2523 1235 2586 dni
1254 2529 1352 2596 τοῦτο,
1377 2523 1466 2604 quod

248 2624 349 2687 Vatic.
381 2624 525 2703 praebet,
563 2626 602 2688 δι’
632 2626 708 2689 αὐτὸ
731 2628 872 2691 restituit
900 2629 933 2690 in
962 2629 1012 2691 ed.
1043 2629 1097 2691 alt.
1126 2628 1252 2710 Stabl„
1278 2627 1318 2692 cf.
1346 2629 1463 2710 Krueg.

244 2731 319 2794 adn.
351 2731 392 2794 ad
416 2731 439 2806 1,
466 2731 497 2808 2,
526 2732 554 2795 1.
580 2742 623 2778 —-'
647 2733 799 2797 Formam
831 2735 928 2797 unice
961 2753 1072 2797 veram
1104 2737 1301 2818 καιηράχθη,
1334 2737 1368 2798 in
1401 2755 1467 2816 qua

244 2837 438 2916 acquierunt
456 2839 598 2903 editores
618 2857 743 2915 omnes,
768 2841 860 2903 Laur.
878 2841 968 2903 solus
989 2840 1134 2916 exhibet;
1156 2839 1198 2904 cf.
1215 2842 1281 2904 ind.
1300 2843 1460 2922 discrepp.

336 2944 366 3022 t,
400 2945 420 3008 2
453 2946 487 3008 in
517 2945 621 3008 Vatic.
657 2953 707 3010 est
734 2938 843 3028 πεζὴν,
876 2947 962 3010 sicut
992 2947 1042 3023 16,
1076 2949 1103 3024 1,
1135 2948 1193 3012 sed
1221 2954 1361 3028 utroque
1389 2949 1464 3012 loco

244 3051 338 3114 Laur.
369 3052 499 3134 πεζικὴν
527 3051 670 3130 praebet,
703 3071 787 3133 quae
812 3050 916 3116 forma
940 3054 991 3126 Vl,
1019 3053 1071 3131 33,
1099 3054 1118 3117 2
1142 3055 1176 3118 in
1200 3055 1352 3118 omnibns
1376 3055 1465 3119 libris

244 3164 372 3236 praeter
399 3177 501 3221 unum
530 3159 739 3222 deterrimum
763 3165 865 3236 extat;
901 3161 1135 3240 comprobatur
1157 3163 1255 3226 etiam
1278 3162 1466 3226 testimonio

244 3263 389 3330 Thomae
413 3265 554 3344 Magistri
581 3262 622 3349 (p.
645 3266 709 3330 309
730 3264 795 3352 R.),
822 3268 877 3346 qui
902 3286 973 3332 eam
999 3270 1101 3349 magis
1125 3270 1287 3348 poeticam
1311 3268 1462 3348 appellat,

244 3387 351 3450 neque
381 3389 457 3434 cum
484 3377 532 3434 tot
554 3377 686 3452 tamque
710 3374 884 3453 perspicua
908 3375 1059 3438 codicum
1083 3376 1219 3456 vestigia
1242 3382 1352 3439 extent
1376 3377 1464 3456 quie-

245 3495 343 3556 quam
366 3477 463 3554 valet‚
490 3478 577 3558 quod
602 3479 655 3541 hie
674 3480 904 3558 grammaticus
926 3481 1027 3544 multo
1046 3483 1207 3560 posterior
1226 3482 1465 3562 antiquioribus
1503 3489 1505 3494 '

245 3583 343 3646 codd.
370 3585 588 3667 Thucydideis
612 3583 671 3648 tuit
695 3583 837 3672 (Stant).
887 3584 933 3650 cf.
960 3586 1113 3651 Aeschin.
1141 3589 1191 3665 ΙΙΙ,
1218 3587 1275 3652 85:
1301 3589 1355 3652 καὶ
1376 3589 1467 3652 ναυσὶ

214 3667 221 3682 ’
243 3690 298 3752 καὶ
316 3693 428 3774 πεζικῇ
447 3691 585 3773 δυνάμει,
609 3691 666 3754 96;
688 3692 741 3754 καὶ
759 3692 905 3774 ναυτικὴν
921 3693 974 3756 καὶ
992 3695 1121 3777 πεζικὴν
1136 3695 1275 3777 δύναμιν.
1314 3695 1465 3759 Formam

243 3796 408 3860 insolitam
436 3797 562 3871 πεζικὰς
590 3817 665 3861 eum
692 3799 861 3863 usitatiore
884 3799 978 3873 πεζὸς
1001 3798 1095 3865 facile
1119 3803 1295 3881 permutari
1319 3803 1464 3882 potuisse

244 3904 361 3984 quivis,
388 3905 514 3985 opinor,
541 3905 716 3980 coneedet;
743 3924 803 3970 nec
827 3913 938 3970 tamen
962 3914 1169 3972 correcturae
1192 3909 1336 3988 suspicio
1358 3909 1460 3972 abest.

244 4047 287 4056 ——
311 4011 347 4074 ln
373 4009 396 4096 ξ
423 4011 443 4074 3
473 4011 576 4074 Vatic.
612 4011 702 4076 solus
735 4017 810 4076 ante
838 4011 1064 4096 Λακεδαίμονα
1097 4016 1187 4080 artie.
1222 4015 1277 4098 τὴν
1308 4016 1464 4080 inutiliter

244 4117 344 4181 addit.
366 4155 404 4162 -
419 4115 505 4182 Infra
529 4118 623 4182 codd.
646 4120 854 4199 scripturam:
880 4120 988 4204 τρόπῳ
1007 4119 1037 4204 qi
1054 4124 1093 4185 ἂν
1112 4123 1144 4186 ἓν
1163 4123 1290 4186 ὁλκάσιν
1308 4125 1327 4204 ἢ
1346 4122 1464 4194 πλοίοις

243 4226 262 4305 ἢ
286 4223 388 4294 ἄλλως
411 4224 500 4295 ὅπως
523 4227 563 4288 ἂν
584 4234 739 4310 προχωρῇ
763 4224 892 4291 defendi
917 4247 983 4291 non
1007 4247 1104 4307 posse
1119 4230 1234 4292 videns
1248 4230 1348 4293 verba
1362 4230 1395 4292 ἐν
1409 4230 1461 4292 ὁλ-

242 4330 333 4393 κάσιν
348 4367 389 4376 -
404 4331 493 4401 ὅπως
516 4333 555 4394 ἂν
578 4332 717 4397 delenda
740 4351 813 4398 esse
829 4332 1024 4398 Schaeferus
1041 4333 1094 4420 (ad
1110 4336 1276 4400 Demosth.
1295 4336 1317 4412 I,
1335 4356 1365 4416 p.
1384 4335 1460 4421 815)

207 4487 210 4494 .
243 4437 409 4515 censebat,
440 4457 538 4518 quem
566 4439 670 4502 secuti
697 4446 773 4504 sunt
796 4441 942 4522 plerique
967 4441 1122 4518 editores;
1158 4441 1346 4507 Classenins
1371 4443 1461 4508 nullo

242 4543 339 4606 simili
372 4546 446 4610 loeo
477 4545 586 4610 adlato
611 4545 700 4616 ὅπως
722 4549 761 4610 ἂν
783 4548 870 4612 idem
894 4553 992 4628 atque
1016 4549 1191 4612 ὁπωσοῦν
1214 4550 1323 4613 valere
1346 4550 1459 4627 voluit,

242 4651 330 4728 quod
355 4652 545 4718 adverbium
560 4651 782 4732 Thucydidem
807 4655 977 4733 scripsisse
1003 4655 1109 4734 potius
1132 4656 1295 4734 suspicor;
1322 4657 1470 4722 similem·
