3262 5052
814 317 877 380 110

229 495 323 558 Laur.
350 513 379 558 c.
406 494 448 558 99
478 494 726 560 rescribendum
754 502 803 558 est
825 494 935 577 Ἄληκτ,
962 491 1049 579 (cett.
1075 493 1161 576 Ἅλ.)
1193 509 1293 573 quam
1316 489 1457 557 formam

228 601 439 666 auctoritates
462 601 628 682 graviores
654 598 706 684 (cl.
733 601 808 664 adn.
836 601 907 664 crit.
935 598 1061 686 Stahlii)
1087 597 1251 664 tuentur.¹

320 707 377 786 78,
401 707 422 772 3
451 727 510 788 pro
537 708 733 790 τεταγμένων
760 703 978 788 (collocatus)
1009 707 1121 771 nescio
1146 724 1189 770 an
1211 705 1457 787 τετραμμένων

229 811 410 894 (intentus)
435 814 645 879 scribendum
668 815 720 891 sit,
746 811 787 878 ci.
815 813 852 888 ll,
877 813 931 889 40,
958 813 994 889 2;
1023 813 1073 889 111,
1099 812 1152 888 51,
1182 813 1215 884 1;
1244 811 1308 887 Vll,
1335 811 1387 888 73,
1415 811 1455 883 2;

229 921 375 984 similiter
406 921 487 997 VHI,
523 919 577 995 92,
611 921 632 982 4
664 921 698 984 in
735 939 803 984 nno
840 921 914 984 eod.
953 921 1164 1002 τετραμμένον
1200 919 1233 982 in
1269 919 1457 1000 τεταγμένον

228 1029 366 1092 transiit.

319 1133 379 1214 81,
404 1133 434 1196 2.
473 1133 621 1216 λαβόντες
642 1135 715 1204 τούς
736 1159 768 1198 τε
786 1133 986 1216 Μεσσηνίους
1007 1133 1039 1203 ἐς
1056 1131 1112 1214 τὴν
1129 1132 1219 1196 πόλιν
1233 1130 1370 1214 ἤγαγον]
1384 1131 1458 1196 iure

229 1241 347 1318 Krueg.
374 1246 408 1304 et
430 1239 534 1304 Class.
560 1245 636 1306 tam.
653 1241 871 1306 collocatione
901 1258 1000 1319 quam
1029 1238 1163 1302 notione
1191 1237 1283 1302 verbi
1308 1237 1458 1320 λαβόντες

228 1346 343 1411 offensi
374 1353 451 1410 sunt
480 1344 569 1432 (narn
597 1347 753 1411 inutiliter
782 1345 927 1410 Stahlius
955 1347 992 1421 ll,
1024 1345 1077 1420 67,
1109 1343 1129 1408 3
1158 1342 1295 1418 confert,
1321 1343 1378 1408 ubi
1400 1343 1458 1408 λα-

228 1455 337 1537 βόντες
360 1451 427 1518 fere
451 1454 536 1519 idem
561 1472 600 1518 ac
624 1453 826 1536 ξυλλαβόντες
853 1450 968 1538 valet);
1004 1469 1110 1532 neque
1143 1458 1253 1515 tamen
1285 1450 1458 1516 Classenio

229 1561 401 1635 assentior,
427 1561 615 1640 glossemati
630 1559 806 1624 verborum
824 1561 856 1622 εἴ
867 1581 932 1626 τινα
950 1559 1084 1641 λάβοιεν,
1104 1576 1189 1638 quae
1208 1558 1299 1622 nulla
1317 1557 1458 1637 explica·

228 1669 318 1734 tione
351 1674 468 1746 egent·
492 1667 524 1731 id
552 1665 762 1732 tribuendum
790 1683 874 1730 esse.
923 1665 1036 1730 Potius
1063 1665 1223 1734 λαβόντες
1246 1665 1460 1730 scribendum

229 1793 302 1838 esse
331 1779 420 1854 puto,
452 1792 527 1836 eum
556 1772 768 1853 popularibus
792 1772 977 1836 cavendum
1000 1770 1105 1847 fuerit,
1132 1791 1173 1837 ne
1197 1772 1276 1853 quid
1300 1773 1377 1836 novi
1399 1772 1458 1836 ad·

229 1881 364 1946 versarii
397 1880 451 1960 qui
485 1881 519 1943 in
551 1879 631 1944 urhe
665 1879 899 1944 remansissent
932 1877 974 1964 (c.
1006 1878 1059 1955 80,
1093 1876 1122 1963 1)
1148 1879 1329 1944 Messenios
1357 1879 1460 1942 acciri

229 1988 377 2052 videntes
402 1988 662 2066 suspicarentur;
689 1987 747 2050 scd
771 1992 880 2050 utrum
903 1985 1109 2066 participium
1133 1987 1232 2050 etiam
1255 1985 1296 2048 ad
1314 1985 1456 2048 ἀπέκτει-

228 2119 284 2158 νον
309 2092 467 2158 referatur
490 2111 531 2157 an
557 2093 762 2175 hyperbaton
784 2093 965 2174 particulae
988 2116 1029 2164 τε,
1053 2109 1150 2172 quarn
1170 2091 1302 2171 quidem
1321 2090 1394 2154 cod.
1413 2090 1455 2154 M.

230 2202 376 2284 Dionysii
390 2202 494 2267 Halia.
517 2201 643 2276 omittit,
670 2201 881 2268 statuendum
905 2200 956 2273 sit,
983 2217 1052 2262 non
1070 2198 1179 2279 liquet.
1221 2197 1268 2262 De
1287 2197 1459 2278 participio

229 2309 379 2372 absolute
407 2309 514 2389 posito
544 2305 584 2372 cf.
610 2308 648 2382 ll,
674 2307 706 2384 4,
732 2308 764 2370 4.
791 2344 834 2352 —
858 2306 894 2370 ln
917 2303 940 2390 ξ
967 2307 998 2383 4,
1030 2304 1087 2368 υ1)1
1114 2306 1149 2367 in
1177 2304 1273 2368 codd.
1305 2303 1458 2372 scribitur

228 2415 284 2498 τὴν
315 2415 374 2497 μὲν
406 2417 504 2479 αἰτίαν
536 2415 734 2496 ἐπτφέροντες
765 2420 844 2483 τοῖς
874 2413 928 2476 τὸν
965 2413 1068 2496 δῆμον
1108 2410 1324 2486 καταλύουσιν,
1365 2416 1457 2474 reete

230 2521 347 2602 lirueg.
374 2522 552 2596 adnotavit,
580 2521 703 2586 crimen
723 2539 791 2584 non
810 2519 894 2600 parti
912 2519 974 2582 soli
992 2518 1207 2600 optimatium.
1229 2516 1285 2580 sed
1302 2515 1457 2582 omnibus

230 2628 395 2693 obiectum
418 2645 506 2702 esse;
534 2627 591 2690 sed
615 2645 698 2706 quos
723 2627 815 2690 locos
841 2625 881 2689 ad
903 2624 1065 2705 vulgatam
1085 2623 1279 2702 scripturam
1298 2623 1457 2688 tuendam

230 2734 346 2812 attulit,
377 2735 430 2798 vix
454 2731 631 2809 sufficiunt,
662 2740 697 2797 ut
725 2751 784 2812 pro
807 2739 869 2802 τοῖς
893 2749 969 2794 curn
992 2731 1153 2810 Madvigio
1180 2726 1264 2815 (adv.
1292 2730 1360 2794 crit.
1386 2730 1401 2794 1,
1423 2750 1455 2810 p.

231 2839 306 2927 316)
333 2841 386 2904 ὅτι
408 2841 460 2906 vel
484 2841 531 2910 ὡς
550 2839 761 2904 scribendum
779 2856 853 2903 esse
872 2843 994 2917 putem.
1043 2837 1078 2902 ln
1097 2837 1137 2900 iis
1156 2855 1242 2917 quae
1257 2842 1455 2916 sequuntur:

230 2949 392 3012 ἀπέθανον
424 2948 460 3011 δέ
490 2971 568 3016 τινες
599 2945 652 3010 καὶ
685 2946 764 3016 ἰδίας
796 2946 916 3027 ἔχθρας
947 2945 1037 3006 ἕνεκα
1071 2961 1253 3024 pronomen
1285 2942 1362 3014 τινὲς
1389 2961 1458 3008 non

230 3055 414 3120 subiectum
440 3055 558 3134 ipsum,
590 3053 647 3118 sed
676 3070 734 3133 per
761 3051 1001 3132 appositionem
1026 3049 1174 3114 subiecto
1198 3051 1231 3112 in
1255 3049 1356 3116 verbo
1380 3049 1457 3112 ἀττέ-

228 3163 330 3226 όανον
358 3162 471 3226 latenti
499 3160 646 3225 additum
674 3165 724 3224 est
749 3154 880 3243 (aliqua
903 3154 1094 3242 emperie),
1122 3155 1161 3220 of.
1189 3155 1295 3223 Madv.
1322 3153 1456 3240 synt.§

228 3268 307 3333 50a
329 3269 405 3333 adn.
431 3269 463 3331 4.
1027 3311 1029 3316 .

320 3376 380 3455 82,
407 3375 435 3438 1.
474 3374 528 3439 καὶ
559 3375 593 3438 ἐν
623 3373 682 3456 μὲν
714 3373 887 3455 εἰρήνῃ-
910 3371 1158 3454 πολεμουμένων
1187 3369 1220 3434 δὲ
1247 3367 1329 3452 κτλ]
1359 3369 1456 3448 parti-

229 3485 350 3564 cipium
374 3481 518 3547 Stahlius
540 3482 587 3545 sic
608 3480 717 3545 vertit:
745 3496 823 3544 cum
845 3473 929 3542 bello
941 3480 1200 3560 premerentur,
1217 3496 1262 3540 sc.
1280 3473 1456 3556 populares

228 3599 260 3654 et
293 3591 466 3672 optimates
501 3586 555 3675 (cl.
586 3588 608 3664 1,
635 3585 688 3662 37,
718 3583 760 3671 1),
795 3591 830 3650 ut
863 3583 1012 3648 a-verbo
1039 3584 1198 3666 πολεμεῖν
1229 3583 1262 3648 id
1293 3582 1392 3646 ducat
1422 3587 1456 3646 et

228 3698 348 3777 pariter
371 3704 469 3776 atque
494 3693 681 3775 oppositum
705 3693 765 3756 οὐκ
789 3693 828 3754 ἂν
851 3691 989 3773 ἐχόντων
1011 3691 1161 3769 genetivo
1186 3708 1276 3765 casu,
1303 3706 1370 3751 non
1398 3687 1453 3752 da·

228 3805 294 3866 tivo
322 3803 397 3867 ideo
426 3803 625 3866 collocatum
655 3817 738 3876 esse,
773 3805 809 3862 ut
840 3803 956 3878 suapte
989 3798 1092 3878 magis
1123 3797 1154 3859 vi
1185 3795 1346 3860 sententia
1376 3813 1454 3858 con-

229 3915 339 3986 staret,
375 3909 570 3980 contendat;
606 3907 663 3970 sed
697 3904 831 3968 ollendit
863 3909 984 3980 tamen,
1020 3903 1108 3983 quod
1137 3904 1265 3966 dativus
1297 3902 1456 3984 ἑκατέροις

277 4107 443 4116 --.,-

320 4212 328 4240 ¹
348 4211 435 4265 Etiam
454 4210 495 4271 Vl,
515 4208 557 4272 43,
580 4211 593 4260 t.
614 4223 629 4260 e
649 4207 728 4260 Laur.
749 4205 838 4262 forma
856 4205 949 4260 lonica
966 4204 1195 4272 πεντηκοντέρων,
1214 4219 1296 4272 quarn
1315 4202 1388 4256 idem
1411 4202 1455 4269 Vl,

230 4303 289 4360 103,
310 4302 326 4354 2
347 4301 377 4370 [1,
397 4300 438 4362 14,
459 4300 473 4352 1
493 4303 520 4352 et
539 4298 555 4349 2
576 4295 700 4352 eiusdem
719 4311 819 4350 manus
837 4294 972 4348 recentior
989 4311 1188 4360 ττεντηκοντουρ.
1202 4291 1318 4360 scripsit]
1334 4290 1455 4362 praebet,

228 4391 345 4444 sortasse
367 4386 537 4444 restituenda
560 4389 609 4450 est,
634 4400 716 4454 quarn
740 4383 860 4454 quodam
881 4381 963 4438 modo
981 4383 1075 4436 titulus
1094 4380 1300 4450 antiquissimus
1319 4378 1363 4444 (G.
1383 4379 1402 4432 Ι.
1422 4380 1454 4434 A.

227 4478 259 4547 ll,
277 4478 339 4544 827,
359 4478 387 4546 6)
407 4477 574 4548 comprobat,
594 4474 642 4530 cir.
661 4473 799 4528 Meisterh.
819 4488 855 4541 gr.
880 4489 904 4542 p.
931 4473 972 4526 10.
1010 4469 1090 4540 Quod
1117 4470 1140 4524 si
1170 4485 1264 4527 verum
1292 4455 1342 4538 est,
1370 4468 1454 4524 etiam

227 4567 269 4632 IV,
289 4568 348 4637 9,1
369 4567 562 4636 τριακοντέρου
580 4562 785 4618 rescribendum
805 4545 855 4616 est.
