3262 5052
716 320 777 384 115

137 501 278 579 quirunt,
314 501 407 564 cuius
439 497 588 564 delectus
622 500 669 563 eis
702 517 787 580 quae
820 508 1016 580 sequuntur:
1050 502 1180 584 μάλιστα
1215 505 1290 568 δ’ἂν
1316 543 1357 552 -

135 609 336 688 γιγνώσκοιεν
366 608 457 670 iuxta
489 607 603 686 positis
636 605 833 678 ostenditur;
869 607 926 672 sed
960 609 1166 673 concinnitas
1197 613 1357 676 sermonis

134 711 216 786 lacit,
244 719 282 777 ut
304 713 460 777 ὁπόσ’ἂν
484 731 581 793 quam
607 713 754 794 δράσειαν
777 715 816 776 ἂν
840 714 961 777 malim.

221 820 283 898 87,
314 821 345 883 2.
380 821 460 884 ὥστε
478 819 658 902 Ἀθηναίων
687 843 720 901 γε
746 819 791 902 μὴ
817 819 893 887 εἶναι
917 821 971 894 ὅμι
993 822 1112 904 μᾶλλον
1135 824 1279 888 ἐκάκωσε
1301 825 1356 908 τὴν

21 992 24 1015 Ι
130 927 283 1012 δύναμιν]
319 929 414 990 Laur.
453 926 600 990 exhibet:
639 927 720 990 ὥστε
746 927 950 1010 Ἀθηναίους
982 965 1017 974 -
1047 931 1167 1011 μᾶλλον
1202 933 1357 1003 τούτους
1405 963 1408 970 ⁴

20 1115 21 1124 ἶ
128 1035 252 1098 ἐπίεσε
284 1035 347 1097 καὶ
378 1035 523 1098 ἐκάκωσε
554 1032 610 1116 τὴν
643 1034 791 1116 deiram
826 1052 885 1114 pro
917 1035 1046 1106 τούτους
1074 1036 1284 1102 scribendum
1307 1048 1357 1103 est

126 1142 263 1216 τούτου,
288 1141 377 1222 quod
401 1141 475 1204 cod.
500 1139 537 1204 G.
564 1139 655 1204 solus
678 1141 711 1204 in
734 1141 869 1221 reliquis
892 1160 967 1204 cum
991 1142 1122 1224 vulgata
1145 1147 1356 1210 consentiens

127 1247 275 1326 praebet.
316 1248 458 1312 Dubium
482 1258 541 1320 est,
568 1253 676 1310 utrum
700 1247 801 1312 verba
821 1249 932 1311 τούτου
952 1249 1051 1312 taleae
1069 1251 1131 1324 καὶ,
1155 1269 1239 1332 quae
1258 1253 1355 1316 inter-

125 1361 370 1433 pretamentum
403 1373 470 1418 non
502 1355 651 1434 sapiunt,
685 1355 720 1417 in
755 1354 848 1417 Laur.
883 1355 1050 1419 inculcata
1082 1374 1123 1420 an
1157 1358 1190 1420 in
1222 1359 1356 1440 reliquis

19 1471 21 1486 ²
126 1462 224 1525 codd.
253 1463 377 1526 omissa
400 1463 479 1538 sint;
510 1467 598 1526 certe
627 1461 691 1524 hoc
715 1468 847 1541 propter
870 1462 992 1526 similes
1016 1464 1262 1530 terminationes
1285 1484 1354 1531 ver·

18 1623 22 1638 .
125 1568 247 1633 borum
271 1571 371 1633 ἕπίεσε
393 1576 426 1634 et
448 1569 593 1632 ἐκάκωσε
616 1565 712 1632 facile
736 1567 804 1632 fieri
830 1575 966 1648 poterat,
994 1577 1026 1634 et
1049 1570 1157 1635 verbis
1180 1572 1280 1635 ίπίεσε
1302 1572 1356 1635 καὶ

125 1677 260 1739 omissis
283 1677 467 1757 proximum
493 1681 572 1751 erat,
598 1681 635 1738 ut
652 1675 833 1757 Ἀθηναίων
854 1693 913 1762 pro
929 1676 1117 1760 Ἀθηναίους
1141 1677 1365 1751 scriberetur3'

124 1790 320 1864 corruptum
340 1783 477 1854 τούτους,
501 1782 588 1862 quod
608 1781 748 1862 intellegi
771 1801 838 1845 non
857 1790 995 1862 poterat,
1022 1783 1142 1848 librarii
1162 1786 1351 1850 omiserunt.

125 1925 167 1934 —
192 1891 231 1954 ln
255 1887 278 1974 ξ
300 1890 322 1952 4
345 1888 535 1954 adverbium
558 1889 625 1951 τότε
649 1907 725 1951 cum
748 1889 899 1971 ἐγίνοντο,
933 1908 1000 1954 non
1029 1910 1104 1955 cum
1128 1893 1159 1954 ol
1179 1891 1288 1956 ιτολλοὶ
1312 1929 1354 1937 -

124 1997 248 2078 σεισμοὶ
281 1995 546 2076 coniungendum
580 2002 639 2069 est,
676 2013 750 2058 cum
784 1997 922 2060 articulo
950 1991 1022 2076 ipso
1052 1998 1100 2080 (οἱ
1121 2022 1153 2059 π.
1177 1997 1216 2080 ο.)
1242 1998 1353 2062 addito

124 2101 199 2166 illos
235 2112 341 2168 terrae
373 2111 482 2166 motus
513 2102 666 2166 omnibus
695 2110 791 2166 notos
816 2101 915 2168 luisse
939 2103 1152 2184 significatum
1188 2122 1286 2184 quarn
1310 2103 1353 2167 ob

19 2273 20 2276 ,
125 2226 193 2273 rem
227 2211 349 2274 rectius
378 2209 516 2272 fortasse
540 2210 634 2273 Laur.
661 2210 781 2290 σεισμοὶ
804 2211 871 2274 τότε
895 2209 1035 2286 exhibet,
1071 2227 1155 2290 quae
1179 2209 1353 2274 verborum

125 2316 304 2381 collocatio
337 2335 396 2380 cur
427 2317 462 2378 in
495 2316 612 2380 ceteris
647 2315 742 2379 codd.
773 2322 954 2380 mutaretur
984 2317 1069 2380 hanc
1094 2334 1230 2380 oausam
1244 2314 1353 2382 duisse

124 2425 255 2502 opinor,
286 2424 375 2504 quod
399 2422 597 2487 vocabulum
622 2423 740 2505 σεισμοὶ
765 2424 865 2487 artius
889 2441 963 2486 curn
988 2430 1094 2504 genet.
1119 2431 1174 2506 τῆς
1197 2432 1253 2508 γῆς
1276 2443 1352 2488 οοο-

124 2530 275 2596 iunctum
299 2531 430 2594 vellent.
460 2567 495 2576 -
524 2530 679 2609 Praepos.
710 2531 748 2592 ἐν
778 2537 854 2594 ante
877 2528 1001 2612 Εὐβοίᾳ
1024 2531 1057 2592 in
1083 2530 1229 2610 plurimis
1254 2531 1350 2595 codd.

18 2657 19 2661 ¹
125 2639 294 2708 omissam,
321 2655 405 2718 quae
429 2643 505 2701 ante
529 2637 586 2699 litt.
609 2637 643 2698 εὶ
663 2634 817 2700 facillime
836 2637 1031 2702 intercidere
1050 2643 1187 2716 poterat,
1213 2639 1352 2702 auctori·

17 2732 20 2820 ,f
124 2748 191 2809 tate
209 2745 303 2808 Laur.
321 2753 354 2809 et
367 2744 472 2808 Vatic.
498 2749 608 2823 spreta
631 2745 889 2822 praetermittere
909 2761 974 2807 non
995 2743 1179 2807 debuerunt
1198 2743 1349 2808 editores

218 2850 277 2929 89,
301 2850 332 2914 5.
359 2852 454 2913 αἴτων
478 2849 505 2913 δ’
529 2852 629 2932 ἔγωγε
652 2852 773 2932 νομίζω
797 2856 852 2913 τοῦ
875 2851 1024 2922 τοιούτου,
1048 2847 1131 2932 ᾖ..,
1160 2850 1239 2912 κατὰ
1262 2857 1353 2914 τοῦτο

18 3019 19 3035 ἶ
125 2957 337 3041 ἀποστέλλειν]
361 2957 431 3020 iure
446 2956 627 3022 Meinekius
651 2958 842 3020 accusativo
867 2975 942 3020 cum
966 2955 1055 3019 infin.
1078 2962 1152 3035 post
1174 2958 1270 3044 αἴτιον
1292 2975 1352 3036 pro

126 3066 296 3129 enuntiato
325 3063 367 3127 ab
396 3064 441 3126 ὅτι
468 3064 635 3143 incipienti
659 3065 767 3144 posito
792 3061 936 3127 offensus
960 3069 1019 3138 est,
1055 3061 1113 3125 sed
1146 3064 1253 3125 minus
1277 3069 1353 3144 apte

126 3168 272 3236 Stahlius
304 3173 400 3234 αἴτιον
431 3168 605 3234 masculini
637 3171 765 3251 generis
796 3169 854 3255 (sc.
880 3168 933 3230 τὸν
956 3164 1093 3250 σεισμὸν)
1126 3186 1199 3233 esse
1223 3171 1349 3242 statuit;

126 3279 214 3357 quod
239 3279 266 3341 si
288 3279 335 3342 ita
358 3283 455 3353 esset,
487 3281 576 3340 certe
604 3277 637 3340 in
662 3278 831 3340 enuntiato
855 3275 991 3338 relativo
1015 3273 1033 3336 ὁ
1057 3274 1182 3356 σεισμὸς
1206 3291 1273 3338 non
1296 3276 1351 3338 ad-

126 3384 228 3450 ditum
262 3391 364 3459 esset,
400 3401 507 3464 neque
540 3383 607 3445 ullo
640 3383 706 3447 alio
740 3381 940 3463 Thucydidis
972 3380 1047 3444 loco
1080 3383 1176 3444 αἴτιον
1209 3381 1269 3464 (δὲ)
1303 3383 1351 3445 sic

18 3561 20 3586 ρ
126 3493 346 3572 praepositum
378 3490 506 3570 generis
538 3491 645 3554 neutri
673 3509 741 3554 non
770 3495 829 3561 est,
866 3486 906 3552 cl.
934 3487 1062 3552 Betant.
1112 3487 1269 3568 Equidem
1294 3507 1350 3568 pu-

18 3587 19 3590 '
125 3600 271 3672 laverim,
307 3597 502 3660 sententiam
534 3595 658 3660 infinite
691 3595 865 3662 formatam
893 3613 951 3675 per
979 3595 1083 3659 levem
1107 3593 1351 3658 anacoluthiam

126 3705 165 3768 ad
188 3705 332 3768 verbum·
348 3704 456 3783 ipsum
479 3704 609 3784 νομίζω,
635 3721 702 3766 non
726 3706 767 3768 ad
791 3705 887 3766 αἴτιον
909 3702 1046 3766 relatam
1070 3719 1154 3765 esse.

213 3811 274 3889 90,
308 3811 336 3872 1.
366 3845 410 3856 -
437 3810 611 3891 ἐπολέμουν
639 3811 698 3892 μὲν
721 3812 774 3875 καὶ
798 3810 892 3882 ἄλλοι,
925 3810 972 3879 ὡς
999 3809 1141 3877 ἑκάστοις
1164 3808 1351 3889 ξυνέβαινεν,

126 3918 158 3979 ἐν
179 3926 216 4001 τῇ
239 3917 368 3998 Σικελίᾳ
390 3917 444 3979 καὶ
466 3917 554 3979 αὐτοὶ
577 3918 607 3979 οἶ
628 3917 813 3981 Σικελιῶται
836 3915 916 4000 κτλ]
946 3915 1042 3981 valde
1075 3913 1191 3980 dubito
1218 3921 1351 3979 rectene

127 4022 270 4088 Stahlius
303 4030 335 4087 et
367 4022 556 4087 Classenius
594 4024 819 4088 coniecturam
852 4023 1019 4103 Popponis
1051 4021 1141 4084 ἄλλα
1174 4039 1233 4103 pro
1265 4021 1353 4085 ἄλλοι

127 4133 299 4196 scribentis
322 4130 513 4211 receperint.
561 4130 644 4193 Nam
670 4133 726 4210 qui
749 4129 899 4193 ἄλλοι-
918 4131 951 4193 ἐν
973 4136 1010 4212 τῇ
1032 4129 1161 4213 Σικελίᾳ
1185 4128 1349 4203 dicuntur,

127 4236 225 4302 Siculi
250 4243 326 4301 sunt
350 4235 403 4322 (of.
430 4234 579 4323 Krueg.);
611 4255 695 4318 quos
719 4240 782 4302 hoc
807 4236 882 4301 loeo
907 4238 1040 4300 nomine
1064 4237 1231 4302 sociorum
1254 4235 1350 4298 Athe·

127 4344 287 4409 niensium
316 4343 384 4425 (ξὺν
410 4349 473 4414 τοῖς
499 4345 659 4426 σφετέροις
687 4342 879 4427 ξυμμάχοις)
906 4343 1163 4423 comprehensos
1186 4358 1260 4404 esse
1283 4341 1352 4404 veri

128 4451 229 4516 simile
258 4467 325 4514 non
354 4457 413 4525 est,
449 4469 524 4515 cum
552 4449 635 4514 iufra
658 4450 791 4516 demum
818 4448 860 4534 (c.
889 4448 962 4524 103,
992 4448 1022 4536 1)
1046 4466 1161 4512 eorum
1185 4448 1352 4512 sociorum

128 4557 244 4622 diserte
277 4559 476 4622 mentionem
510 4560 649 4638 scriptor
681 4556 805 4624 fecerit.
855 4555 940 4619 Dicit
962 4556 1068 4636 igitur,
1103 4562 1137 4619 et
1165 4553 1295 4618 Siculos
1319 4561 1353 4620 et
1439 4628 1443 4636 ¹

1104 4678 1138 4732 81
