3244 5060
834 338 878 402 70

243 536 317 582 esse
346 537 467 584 censeo
493 516 545 604 (cf.
574 517 694 598 Saupp.
721 535 772 598 ep.
799 519 869 581 crit.
897 535 927 595 p.
955 514 1020 602 86).
1068 514 1147 578 Post
1178 519 1234 576 νῦν
1264 513 1405 576 Haasius
1433 517 1470 576 et

245 624 389 690 Stablius
412 625 566 688 lacunam
591 629 784 698 statuerunt,
811 623 963 703 equidem
983 628 1058 686 ante
1077 627 1134 684 νῦν
1152 621 1215 696 ὅτι,
1238 638 1337 701 quam
1351 619 1465 698 partic.

244 731 438 796 scholiastes
485 731 601 812 legisse
643 731 784 804 videtur,
836 729 956 794 addere
998 727 1185 800 maluerim;
1236 726 1349 790 similis
1391 743 1468 789 con-

244 839 433 902 structionis
465 839 602 902 mutatio
633 844 683 902 est
715 857 743 901 c.
780 837 837 912 78;
872 836 911 912 V,
946 833 1000 909 65,
1031 832 1062 897 5.
1111 835 1205 898 Laur.
1244 834 1297 896 hic
1335 832 1469 912 praebet

243 950 372 1008 τοσοῦτο
396 947 417 1006 i.
445 963 473 1008 e.
498 951 627 1018 τοιαῦτα,
652 942 692 1008 cf.
719 943 761 1008 ad
785 943 852 1018 Vll,
880 941 932 1018 86,
958 941 995 1011 4;
1030 942 1064 1004 in
1093 940 1210 1004 eodem
1238 946 1287 1004 est
1313 939 1468 1021 βουλόμε-

243 1075 308 1124 νοι,
342 1057 374 1114 et
406 1050 543 1115 verbum
575 1053 817 1134 καταστήσονται
849 1055 938 1114 certe
971 1048 1011 1112 de
1043 1045 1298 1112 Atheniensibus
1325 1047 1359 1108 in
1387 1045 1468 1109 urbe

243 1156 451 1220 versantibus
475 1157 531 1237 qui
554 1157 766 1237 periclitaturi
790 1161 882 1220 erant
906 1173 973 1220 non
997 1155 1105 1218 minus
1129 1160 1203 1233 apte
1227 1172 1325 1234 quam
1350 1153 1390 1216 de
1411 1152 1467 1214 mi-

244 1263 354 1326 litibus
378 1265 434 1344 qui
459 1262 548 1328 Sami
572 1270 665 1328 erant
688 1264 811 1328 dictum
839 1268 899 1337 est,
931 1260 971 1325 ci.
1004 1262 1041 1336 V,
1069 1261 1121 1338 88,
1151 1262 1184 1324 1:
1219 1261 1252 1324 ἓν
1282 1268 1328 1342 τῷ
1356 1259 1469 1340 τοιῷδε
1535 1340 1539 1346 .

243 1370 446 1441 καθεστῶτας
478 1371 596 1455 (usqne
628 1389 667 1435 ec
696 1366 883 1453 redactos),
913 1373 950 1432 ut
978 1367 1214 1432 nominativum
1245 1366 1469 1446 recipiendum

244 1493 317 1540 esse
347 1483 467 1555 putem.
517 1478 604 1541 Part.
635 1477 689 1540 καὶ
717 1481 793 1540 ante
822 1475 1037 1555 δυνατώτεροι,
1067 1492 1132 1554 qua
1159 1475 1267 1554 posita
1298 1473 1347 1536 vis
1380 1491 1469 1536 corn·

245 1583 382 1662 parativi
404 1584 583 1647 intenditur
608 1581 660 1668 (cl.
688 1583 805 1663 Krueg.
827 1599 969 1663 gramm:
986 1578 1008 1665 ξ
1027 1579 1081 1657 69,
1103 1579 1144 1644 32
1165 1581 1240 1644 adn.
1264 1577 1328 1665 18),
1351 1579 1471 1642 omittit

246 1689 362 1764 Vatia,
390 1708 488 1770 quam
513 1691 705 1770 scripturam
728 1689 925 1770 periphrasis
949 1687 1146 1752 scholiastae
1162 1686 1285 1769 (εἴργειν
1299 1687 1469 1769 δύνασθαι)

243 1813 359 1875 parum
390 1797 592 1876 comprobat.
618 1833 662 1842 —
685 1797 721 1860 ln
748 1794 771 1882 ξ
793 1796 814 1860 6
839 1796 933 1860 Laur.
968 1797 1049 1858 ὃ·-
1066 1795 1219 1876 χρήσιμος
1250 1792 1289 1876 ἦν
1321 1792 1467 1873 praebet,

244 1903 333 1982 quod
366 1903 420 1966 vix
452 1903 541 1967 alind
574 1921 673 1984 quam
706 1921 796 1968 error
829 1901 950 1966 librarii
983 1907 1042 1966 est.
1091 1899 1272 1964 Collocatio
1301 1901 1394 1963 Laur.
1428 1901 1471 1962 ἔτι

225 2007 329 2091 ἐἰχον
357 2028 424 2073 non
452 2011 593 2074 deterior
621 2029 694 2074 esse
722 2010 859 2084 videtur,
890 2007 930 2074 cf.
957 2009 998 2072 ad
1022 2007 1075 2083 50,
1102 2007 1133 2069 2.
1160 2044 1202 2052 --
1228 2007 1347 2070 Veram
1370 2007 1470 2086 scrip-

244 2123 351 2179 turam
374 2118 523 2198 πατρίους
546 2117 681 2197 praebet
705 2118 817 2192 Laur.;
843 2116 877 2178 in
901 2116 1005 2180 Vatic.
1033 2122 1081 2178 est
1103 2115 1279 2196 πατρώους.
1299 2151 1341 2158 -
1362 2113 1469 2176 Valle.

245 2221 384 2288 fortasse
406 2225 530 2288 rectius
553 2224 641 2288 αὐτοὶ
661 2223 747 2309 (cett.
766 2220 889 2307 αὐτοὺς)
915 2222 1057 2296 exhibet,
1084 2238 1284 2301 quamquam
1308 2238 1350 2283 an
1374 2238 1471 2300 prop-

244 2333 294 2394 ter
327 2331 502 2396 antithesin
537 2330 620 2418 (τοὺς
641 2332 700 2412 μὲν
715 2367 756 2376 -
772 2329 885 2399 αὐτοὺς
909 2327 954 2413 δὲ)
984 2329 1207 2394 accusativum
1237 2327 1315 2406 poni
1341 2326 1472 2390 licuerit

244 2435 390 2514 paullum
414 2437 537 2500 dubito.

338 2541 381 2606 77
408 2551 487 2606 extr.
506 2544 695 2608 adverbium
720 2545 816 2607 αὐταῦ
830 2543 865 2605 in
880 2544 974 2606 Laur.
997 2543 1155 2606 omittitur
1173 2559 1235 2604 nec
1256 2557 1335 2604 sane
1355 2557 1470 2604 neces-

246 2648 368 2712 sarium
391 2655 442 2712 est
466 2647 518 2733 (cf.
541 2650 594 2726 lV,
619 2649 691 2724 124,
714 2647 758 2734 3),
784 2656 819 2712 ut
843 2647 981 2712 fortasse
1004 2648 1179 2712 insiticium
1202 2646 1390 2714 habendum
1415 2647 1469 2709 sit.

341 2754 386 2820 ta
411 2767 487 2822 ante
511 2755 627 2820 vocab.
645 2755 814 2838 Ἀστοόχοα
836 2755 937 2819 Vatic.
963 2772 1068 2834 paene
1091 2754 1182 2818 solus
1204 2777 1235 2816 τε
1258 2758 1339 2833 part.
1366 2752 1469 2829 addit,

246 2859 384 2928 fortasse
421 2869 521 2928 recle.
556 2899 600 2908 —
633 2861 830 2926 Infinitivum
869 2861 1045 2944 (μένοντες.
1062 2910 1068 2924 .
1084 2861 1104 2943 .)
1142 2861 1351 2925 κινδυνεύσειν
1389 2858 1471 2944 (ὁτα-

245 2969 397 3053 τριβῆναι)
423 2971 495 3034 edd.
515 2989 589 3034 cum
613 2969 714 3033 verbo
740 2969 874 3051 ὃιεβόων
898 2971 1110 3048 coniungunt,
1137 2985 1203 3047 qua
1222 2985 1257 3031 re
1276 2985 1352 3030 cum
1367 2966 1472 3032 multa

246 3075 286 3139 de
319 3075 486 3158 Astyocho
523 3078 715 3156 interposita
747 3077 813 3139 sint
844 3075 983 3139 molesta
1015 3075 1172 3138 orationis
1206 3074 1388 3138 obscuritas
1422 3073 1467 3138 lit.

247 3180 312 3246 Sed
345 3184 461 3249 melius
495 3185 529 3246 in
558 3185 653 3248 Laur.
689 3183 841 3246 scribitur
872 3182 1095 3255 κινδυνεύειν,
1128 3183 1217 3262 quod
1249 3182 1291 3245 ad
1323 3187 1378 3244 τοῦ
1410 3183 1471 3262 μὲν

246 3289 306 3352 οὐκ
330 3290 492 3362 ἕύέλοντος
515 3293 636 3371 optime
659 3287 771 3356 referri
795 3296 919 3370 potest;
945 3290 986 3354 de
1009 3289 1125 3370 plurali
1149 3289 1307 3368 participii
1324 3289 1472 3370 μένοντες

246 3393 286 3460 ci.
313 3397 431 3478 Krueg.
461 3417 596 3478 gramm.
625 3396 724 3483 §aa
755 3399 776 3461 4
805 3398 880 3462 adn.
912 3396 932 3461 3
961 3404 993 3461 et
1021 3396 1073 3473 vl,
1105 3393 1158 3474 25,
1190 3395 1226 3468 λι
1263 3395 1327 3472 Vll,
1353 3395 1407 3468 48,
1438 3397 1467 3458 1.

246 3500 440 3569 Genetivum
469 3509 546 3584 poni
574 3525 642 3570 non
671 3506 815 3585 potuisse
842 3505 877 3567 in
905 3509 1057 3585 promptu
1081 3508 1141 3578 est,
1176 3508 1209 3567 et
1235 3503 1380 3584 μένοντες
1402 3526 1469 3564 κιν-

247 3608 385 3675 δυνεύειν
412 3613 517 3676 ironia
541 3613 683 3692 quadam
707 3631 765 3692 pro
789 3613 892 3694 μένειν
915 3611 994 3674 ὥστε
1017 3609 1206 3674 κινδυνεύειν
1228 3610 1371 3690 positum
1395 3627 1469 3672 esse

246 3725 389 3794 apparet.
466 3718 618 3784 Ceterum
664 3719 762 3783 etiam
802 3717 952 3797 vulgatae
994 3716 1251 3796 interpretationi
1291 3714 1470 3778 infinitivus

216 3884 217 3890 ,
239 3837 360 3902 praec.
396 3826 513 3890 melius
546 3825 709 3902 convenit,
746 3843 822 3888 curn
854 3825 920 3887 iam
952 3823 1076 3902 pridem
1104 3822 1335 3902 Peloponnesii
1367 3839 1470 3886 naves

246 3929 448 3996 Phoenicum
481 3933 685 4022 expectando
717 3931 986 4012 periclitarentur.
1012 3965 1055 3976 -
1079 3928 1166 3994 Infra
1189 3929 1292 3993 Vatic.
1323 3929 1383 3992 οὐκ
1411 3928 1470 3992 οὖν

247 4074 287 4082 -
315 4038 364 4120 μὴ
397 4039 518 4120 μέλλειν
550 4039 691 4114 exbibet,
727 4037 816 4118 quod
849 4037 927 4118 quin
960 4042 1167 4101 correcturae
1194 4035 1404 4100 tribuendum
1428 4038 1470 4100 sit

246 4144 387 4210 dubitari
410 4164 478 4209 non
500 4151 618 4226 potest,
645 4144 686 4209 cf.
712 4145 824 4209 adnot.
851 4143 980 4219 Stahlii;
1005 4143 1040 4206 in
1063 4143 1180 4208 eodem
1204 4143 1236 4206 h.
1262 4143 1296 4215 l.‚
1327 4143 1412 4206 sicut
1436 4163 1465 4206 α.

248 4251 300 4327 79,
326 4251 357 4329 6,
383 4259 555 4334 ναυμαχεῖν
579 4251 713 4336 (-χῆσαι)
739 4251 899 4326 scribitur,
926 4250 984 4314 sed
1007 4249 1071 4312 vid.
1098 4268 1126 4312 c.
1154 4249 1206 4325 79,
1235 4249 1263 4312 1.

338 4359 396 4438 ta,
425 4359 444 4422 2
473 4365 548 4424 ante
576 4359 678 4424 verba
705 4360 751 4429 ὡς
778 4357 862 4422 εἶδον
888 4358 923 4421 in
947 4359 1041 4422 Laur.
1068 4354 1153 4420 male
1181 4355 1235 4418 καὶ
1258 4355 1397 4420 additur.
1426 4393 1468 4402 —

143 4488 146 4496 ·
248 4463 335 4531 lnfra
353 4469 447 4532 haur.
470 4465 694 4540 ἐσικλεούσας,
718 4467 823 4531 Vatio.
844 4464 1099 4548 προσπλεούσας
1122 4462 1267 4536 exbibet;
1292 4469 1468 4544 utrumque

247 4572 381 4638 bonum.
410 4613 451 4622 -
475 4575 510 4639 ln
533 4572 555 4659 ξ
578 4573 598 4638 3
627 4580 702 4654 post
729 4574 957 4655 προσεδέχοντο
985 4572 1083 4636 etiam
1107 4569 1211 4633 Vatic.
1241 4569 1327 4633 male
1351 4571 1465 4649 partic.
