3244 5060
844 349 889 413 40

251 532 337 596 vallo
357 532 528 596 interiecto
544 529 764 610 subsequitur,
785 529 882 592 tertio
901 546 979 592 vero
1001 525 1035 612 (Ι,
1059 526 1111 602 72,
1134 524 1163 612 1)
1185 526 1391 606 participium
1411 543 1479 590 non

252 639 294 702 ad
317 638 419 702 verba
441 638 513 718 ipsa
535 637 578 700 ἔὸ.
603 637 715 709 αὐτοῖς,
739 634 797 699 sed
821 634 862 698 ad
886 635 1101 715 gerundivum
1129 634 1357 712 interpositum
1384 655 1477 714 παρι-

254 746 343 828 τητέα
366 742 513 809 refertur.
563 743 609 807 De
633 742 835 806 nominativo
860 739 1080 817 conferendus
1104 745 1154 804 est
1177 739 1271 804 locus
1294 739 1346 816 ΙΙΙ,
1368 738 1422 812 36,
1445 738 1476 814 2,

252 852 308 933 qui
330 851 394 915 hoc
417 849 579 914 insolitius
603 854 811 914 constructus
835 853 894 924 est,
918 848 1005 928 quod
1026 847 1231 927 participium
1250 846 1476 921 ἐπικαλοῦντες,

253 959 280 1022 si
312 957 444 1037 quidem
471 957 634 1021 sententia
661 955 842 1036 respicitur,
872 973 940 1018 non
967 953 1134 1017 infinitivis
1162 954 1340 1017 ἀποκτεῖναι
1369 958 1402 1017 et
1425 953 1479 1016 ἀν-

254 1063 442 1146 δραποδίσαι
465 1063 655 1143 applicatur.
675 1100 714 1108 -
731 1060 753 1147 ξ
769 1061 788 1125 2
803 1063 838 1125 in
855 1061 959 1126 Vatic.
983 1061 1142 1125 omittitur
1155 1059 1354 1124 vocabulum
1372 1061 1479 1141 μέρος,

253 1171 311 1234 sed
335 1167 375 1234 cl.
402 1170 454 1246 Vl,
481 1169 534 1245 62,
561 1169 596 1242 2,
624 1169 689 1245 Vll,
715 1168 769 1245 43,
795 1169 831 1242 4;
858 1165 911 1243 58,
935 1167 1025 1230 2.
991 1165 1346 1252 §4articulum
1316 1190 1360 1239 το,
1381 1185 1479 1246 quem

253 1281 329 1340 ante
297 1276 446 1340 Ιπλέον
472 1276 541 1340 Vat'
519 1282 574 1339 tm
601 1276 691 1340 solus
715 1275 834 1340 omittit
809 1275 950 1351 rtsatis
973 1279 1082 1338 tuetur
1107 1273 1172 1348 Vll,
1198 1273 1252 1348 48,
1278 1273 1314 1336 4:
1345 1272 1481 1343 πολλοὺς

252 1383 305 1446 καὶ
327 1382 412 1453 τοὺς
434 1383 558 1453 πλείους
582 1380 800 1468 (Ρορρο).-
758 1379 957 1467 —§5de
979 1380 1108 1464 παρὰ(
1103 1388 1149 1462 τῷ
1091 1379 1321 1464 amanei)
1346 1380 1411 1442 vid.
1439 1379 1480 1444 ad

254 1508 282 1552 c.
310 1489 362 1565 78,
389 1488 420 1552 3.
469 1488 552 1553 Ante
575 1489 739 1571 μεσογείας
762 1488 853 1551 artic.
880 1487 970 1551 addit
993 1487 1111 1564 Vatia,
1143 1487 1200 1550 sed
1225 1484 1265 1550 cl.
1293 1487 1315 1561 Ι,
1345 1485 1419 1560 100,
1446 1485 1477 1562 3,

252 1595 309 1660 ubi
337 1596 369 1665 ἐς
395 1594 560 1677 μεσόγειαν
588 1600 648 1658 est.
697 1594 734 1657 In
764 1594 869 1657 Vatie.
896 1611 955 1674 pro
980 1594 1087 1658 activo
1110 1594 1323 1676 μετέπεμψαν,
1347 1593 1437 1674 quod
1461 1611 1481 1656 a

253 1701 399 1783 Thucyd.
417 1707 450 1766 ct
463 1699 627 1781 Aristoph.
645 1706 837 1780 usurpatum
852 1706 967 1780 postea
982 1699 1154 1774 obsolevit,
1168 1701 1320 1763 usitatius
1336 1701 1481 1764 medium

252 1809 491 1890 μετεπέμψαντο
515 1806 669 1870 substitui
620 1812 725 1870 tulum
749 1813 798 1870 est
823 1805 869 1892 (in
892 1831 939 1888 γρ
963 1813 1013 1870 est
1034 1803 1267 1890 μετέπεμψαν);
1294 1803 1335 1869 cf.
1359 1806 1477 1888 Krueg.

253 1915 305 1978 ad.
332 1914 355 1984 Ι,
384 1913 457 1990 11,2
485 1913 504 1977 3
545 1911 655 1998 1.)-
680 1911 887 1998 §dmelius
908 1914 979 1978 Va
957 1920 1012 1978 ro
1039 1913 1144 1996 ἐπειδὴ
1169 1931 1269 1993 quam
1294 1913 1388 1976 Laur.
1416 1913 1480 1977 ἐπεὶ

253 2021 395 2096 exhibet
422 2018 518 2084 cl.
545 2019 575 2096 5,
602 2020 639 2090 4:
665 2020 699 2083 in
718 2021 836 2085 eodem
855 2021 976 2085 rectius
996 2028 1068 2100 post
1088 2021 1342 2101 ἀποτειχίζογσαν
1362 2021 1477 2100 partic

251 2152 282 2191 τε
308 2127 446 2191 additur.

347 2233 449 2312 81,2
483 2233 596 2314 partie.
632 2233 749 2316 ὥσπερ,
782 2252 881 2314 quam
913 2241 990 2299 ante
1022 2235 1215 2316 reponentem
1247 2235 1320 2298 libri
1353 2241 1481 2314 praeter
1555 2321 1557 2324 Ι

256 2341 360 2405 Vatic.
387 2341 555 2420 praebent,
582 2359 658 2404 cum
681 2340 897 2421 dittographia
922 2338 975 2427 (cf.
998 2359 1026 2404 c.
1043 2340 1075 2416 4,
1092 2341 1123 2414 4,
1151 2339 1206 2403 ubi
1230 2339 1367 2405 sortasse
1391 2347 1480 2405 recte

253 2449 272 2530 ἢ
297 2447 482 2528 προῦχουσα
506 2446 604 2522 scribi
627 2447 720 2510 iussit
748 2444 919 2532 Badham.)
944 2445 1099 2510 facillime
1122 2465 1162 2510 ex
1185 2446 1232 2516 ὡς
1253 2471 1297 2529 πρ
1326 2447 1402 2510 oriri
1425 2466 1480 2528 po·

253 2553 360 2644 tuerit,
388 2550 562 2618 defendere
586 2553 639 2616 vix
664 2553 785 2626 audeo;
812 2551 852 2617 cf.
874 2559 985 2618 tamen
1000 2553 1080 2628 Vlll,
1098 2552 1151 2628 23,
1170 2552 1205 2616 3:
1231 2554 1339 2635 ὥσπερ
1362 2552 1481 2617 ἔπλεον.

255 2659 360 2722 Etiam
384 2659 407 2732 l,
436 2659 509 2733 141,
539 2659 554 2722 1
581 2677 623 2722 an
647 2660 742 2722 Laur.
770 2659 961 2738 exquisitius
984 2659 1092 2741 ὥσπερ
1116 2659 1268 2724 exhibeat
1292 2660 1416 2724 dubito.
1439 2699 1481 2706 -

255 2764 342 2830 lnfra
366 2753 470 2830 Vatio.
497 2765 588 2830 solus
611 2772 665 2848 τῆς
687 2767 799 2836 νυκτός
821 2790 852 2829 τε
875 2766 961 2830 male
985 2765 1134 2846 praebet;
1170 2773 1284 2832 contra
1308 2769 1342 2830 in
1365 2767 1479 2847 partic.

254 2898 285 2937 τε
308 2878 383 2953 post
370 2873 595 2936 Ιέκυκλοῦγτο
618 2872 770 2936 addenda
794 2872 864 2959 (per
891 2873 1187 2952 compendiume-
1212 2875 1479 2954 superscriptum,
1609 2929 1610 2966 γ

255 2978 295 3044 cf.
322 2980 388 3042 ind.
415 2979 512 3043 discr.
540 2997 569 3043 c
602 2979 654 3056 71,
686 2976 718 3064 5)
753 2997 828 3043 cum
863 2978 979 3044 ceteris
1013 2980 1185 3043 consentit.
1235 2980 1313 3044 Post
1301 2981 1456 3062 Ιδίχα
1448 3000 1482 3044 1n
1609 2967 1610 2972 Ι

169 3101 171 3104 ·
254 3087 370 3151 eodem
404 3104 462 3166 pro
496 3085 535 3168 δὴ
572 3082 650 3172 (quo
680 3085 720 3149 de
748 3085 904 3149 adverbio
932 3083 989 3149 cfr.
1025 3085 1135 3149 adnot
1113 3085 1290 3172 tStahlii)
1324 3089 1425 3167 script
1426 3107 1480 3151 um

255 3200 305 3257 est
327 3193 399 3276 ἤδη,
425 3189 465 3255 cf.
493 3192 533 3255 ad
558 3190 612 3268 55,
641 3193 674 3265 1;
701 3193 956 3272 superscriptum
980 3198 1029 3256 est
1049 3192 1097 3275 δὴ.
1180 3191 1202 3278 ξ
1222 3193 1242 3257 3
1262 3200 1482 3259 correctorem
1609 3229 1610 3248 Ι

256 3299 407 3364 Vaticani
431 3295 603 3362 manifesto
628 3299 872 3379 deprehendere
895 3299 982 3390 licet,
1012 3299 1066 3379 qui
1091 3319 1164 3363 cum
1190 3301 1302 3380 partic.
1329 3301 1383 3364 καὶ
1406 3310 1481 3366 ante

253 3407 443 3488 πεντήκοντα
476 3405 603 3468 numeri
636 3407 744 3486 magni
776 3406 912 3486 urgendi
941 3424 1042 3470 causa
1069 3408 1208 3486 positam
1239 3405 1291 3492 (de
1319 3426 1385 3488 quo
1418 3428 1481 3472 usu

255 3510 295 3576 cl.
323 3512 440 3592 Krueg.
467 3530 512 3592 gr.
539 3508 561 3595 ξ
586 3509 639 3587 69,
666 3511 707 3576 32
732 3513 808 3575 adn.
837 3513 878 3576 18
902 3518 934 3576 et
957 3513 1104 3577 eiusdem
1128 3513 1238 3577 adnot.
1265 3514 1348 3589 adl,
1371 3515 1425 3584 44,
1450 3513 1480 3600 1)
1609 3569 1610 3600 3

255 3637 323 3682 non
351 3618 566 3682 intellexisset
596 3614 649 3703 (of.
681 3618 803 3682 schol:
832 3618 971 3700 περιττὸς
998 3619 1016 3681 ὁ
1040 3619 1101 3682 καὶ
1124 3617 1320 3705 σύνδεσμος),
1344 3622 1481 3686 ἑκατὸν

255 3723 392 3796 addidit;
422 3743 538 3789 omnes
565 3724 653 3788 enim
682 3725 902 3801 consentiunt,
935 3743 1106 3788 numerum
1134 3726 1169 3788 in
1193 3726 1296 3790 Vatic.
1324 3729 1480 3808 scriptum

255 3830 392 3894 nimium
415 3848 499 3896 esse.
548 3830 707 3895 Minorem
727 3831 870 3911 aliquam
890 3831 1076 3895 distantiam
1092 3838 1189 3896 antea
1202 3833 1379 3898 indicatam
1394 3853 1477 3911 esse,

256 3938 309 4001 eui
341 3937 423 4001 haee
456 3937 609 4002 distantia
642 3944 835 4018 opponatur,
871 3939 903 4001 id
937 3939 1025 4018 quod
1057 3937 1200 4004 Stahlius
1232 3941 1311 4016 vult,
1347 3943 1480 4007 minime

256 4061 393 4108 neeesse
416 4050 476 4119 est,
503 4042 544 4108 ef.
570 4063 600 4108 v.
628 4062 656 4107 e.
685 4045 803 4109 Herod.
830 4045 881 4119 ΙΙΙ,
908 4044 966 4109 60:
992 4047 1096 4128 βάθος
1123 4047 1177 4110 καὶ
1204 4049 1300 4110 εἴκοσι
1328 4047 1481 4130 ὀργυιέων

258 4148 411 4237 (restituit
443 4149 577 4237 Eltzius)
611 4156 644 4215 et
676 4171 748 4217 exx.
784 4170 804 4215 a
836 4151 953 4233 Krueg.
985 4153 1005 4214 Ι.
1037 4153 1057 4216 Ι.
1089 4153 1197 4218 allata.
1254 4154 1480 4235 Interpretatio

256 4256 384 4322 Vallae:
411 4267 546 4322 centum
570 4254 823 4342 quinquaqinta
847 4259 1078 4339 cognationem
1102 4277 1186 4340 quae
1211 4261 1317 4325 codici
1341 4280 1407 4342 quo
1426 4263 1480 4326 ille

255 4383 335 4428 usus
364 4369 414 4428 est
440 4382 516 4428 cum
545 4364 704 4430 Vaticano
732 4366 903 4430 intercedit
931 4365 1133 4430 demonstrat
1160 4367 1216 4431 illa
1243 4369 1391 4449 quidem:
1422 4369 1480 4434 sed

256 4489 389 4550 prorsus
413 4471 492 4536 nihil
515 4473 556 4536 de
580 4471 726 4538 bonitate
749 4473 836 4536 illius
860 4473 984 4537 codicis
1003 4473 1079 4537 inde
1099 4471 1246 4538 efficitur.
1271 4513 1311 4520 -
1332 4475 1396 4539 Pro
1416 4499 1479 4540 σω-

255 4578 364 4660 τηρίαν
395 4579 429 4642 in
463 4579 567 4644 Vatie.
603 4579 755 4644 scribitur
786 4581 949 4662 σωτήριον,
982 4579 1070 4660 quod
1098 4585 1230 4660 propter
1256 4580 1291 4644 τὸ
1314 4582 1480 4664 ὑπομένειν
