3244 5060
697 292 753 381 *rr

126 471 233 547 possit,
270 488 345 532 cum
377 468 554 532 infinitivus
587 470 772 550 praecedat,
809 469 848 530 cl'.
882 469 947 544 Vll,
985 467 1035 544 15,
1074 469 1107 542 1;
1142 468 1221 532 nihil
1255 474 1343 532 certe

125 576 217 647 valet,
254 576 343 655 quod
370 573 454 639 intra
481 576 523 639 od
546 574 626 638 πολὺ
649 576 777 657 ὕστερον
801 577 1042 655 scriptumest,
1078 575 1287 656 quaeverba
1309 577 1344 638 in

125 681 294 745 formulam
319 683 483 762 quandam
506 684 714 746 transierunt.
741 719 784 728 -
807 681 829 767 ξ
853 683 873 745 2
898 683 1015 746 melius
1036 682 1138 746 9393.
1165 690 1240 747 3313
1264 706 1343 763 προ-

127 790 221 869 θυμία
245 790 337 852 artic.
364 791 383 871 ἡ
408 791 507 865 addit,
534 787 574 852 of.
601 790 667 864 Vll,
695 790 747 867 70,
775 792 804 852 7.

213 895 271 968 16,
302 897 317 958 1
354 897 387 958 13
418 897 519 960 9393.
550 897 621 960 3313
650 903 724 976 post
751 898 817 978 ἅμα
843 898 1002 960 omittitur
1024 898 1138 976 partic.
1164 897 1226 969 καί,
1259 915 1343 977 qnae

125 1003 164 1064 ob
183 1002 285 1066 verba
303 1003 357 1065 καὶ
376 1005 394 1066 ὁ
413 1004 643 1083 praecedentia
662 1001 756 1067 facile
776 1004 853 1066 addi
868 1011 1009 1083 poterat;
1032 1004 1090 1068 sed
1105 1002 1146 1067 cf.
1164 1005 1217 1079 Vl,
1235 1005 1287 1078 99,
1306 1004 1341 1067 2;

124 1110 174 1172 καὶ
196 1111 263 1191 ἅμα
287 1109 355 1183 καὶ;
382 1110 432 1180 ΙΙΙ,
457 1110 530 1186 112,
552 1110 583 1184 4,
605 1110 658 1188 Ι9,
683 1111 711 1184 1,
734 1110 764 1185 3,
789 1111 825 1184 V,
849 1110 956 1185 33,1;
983 1113 1050 1193 ἅμα
1075 1111 1109 1174 δὲ
1132 1112 1193 1175 καὶ.
1230 1113 1345 1191 Neque

123 1217 236 1280 melius
261 1217 347 1280 idem
371 1222 434 1280 τῶν
457 1223 532 1281 3313
555 1217 782 1300 Κλαζομενίων
806 1218 926 1282 addere
950 1218 1088 1281 videtum
1105 1255 1148 1264 -
1162 1217 1218 1302 §2
1239 1219 1343 1284 Vatic.

125 1325 296 1405 ἒξανήγετο
319 1322 467 1402 praebet;
503 1323 561 1387 sed
584 1325 801 1406 προανήγετο,
826 1325 913 1404 3333
938 1325 973 1388 13
996 1330 1071 1388 cett.
1099 1331 1196 1400 extat,
1227 1326 1345 1388 melius

125 1431 162 1493 de
195 1429 437 1494 Strombichide
469 1434 656 1513 antequam
689 1449 790 1495 naves
820 1431 1121 1511 Peloponnesiacae
1154 1433 1346 1496 advenirent

125 1543 262 1600 exeunte
286 1537 414 1600 dicitur.
463 1538 576 1616 Praep.
603 1538 652 1610 ε’ξ-
676 1539 717 1601 ad
741 1539 968 1617 repetitionem
992 1540 1243 1619 praepositionis
1265 1563 1345 1620 προ-

127 1643 340 1725 ίοιοθόμενος)
365 1645 550 1708 evitandam
575 1644 749 1708 substituta
773 1663 846 1709 esse
870 1647 1008 1722 videtur,
1035 1645 1075 1710 cl.
1103 1647 1144 1710 ad
1167 1647 1232 1722 Vll,
1254 1647 1285 1719 2,
1308 1646 1343 1716 3;

126 1751 179 1814 scd
203 1749 243 1813 cf.
271 1751 308 1824 ΙΙ,
337 1751 388 1825 79,
415 1751 450 1826 6;
477 1752 529 1826 Ι9,
556 1751 608 1826 33,
636 1752 666 1814 2.
701 1789 735 1796 --
759 1750 781 1837 §
803 1753 823 1816 3
849 1754 952 1817 93113.
980 1754 1070 1817 33133
1094 1761 1182 1818 recte
1207 1757 1237 1818 31
1258 1755 1347 1827 πεζοὶ

127 1858 261 1921 exhibet.
312 1858 347 1920 ln
376 1859 491 1923 eodem
519 1866 593 1938 post
620 1858 707 1921 αὐτοὶ
730 1861 844 1938 partic.
870 1885 902 1923 τε
925 1861 1064 1932 additur,
1097 1879 1180 1941 quae
1206 1880 1281 1924 cum
1305 1861 1346 1924 de

127 1965 278 2028 militibus
315 1983 381 2029 sua
417 1968 545 2047 sponte,
583 1967 688 2029 reditu
721 1966 815 2029 ducis
849 1987 916 2030 333
950 1974 1133 2047 expectato,
1174 1967 1346 2031 castellum

126 2071 326 2136 diluentibus
358 2072 445 2135 αὐτοὶ
477 2091 569 2151 pron.
605 2073 746 2153 positum
780 2075 836 2150 sit,
873 2075 1005 2138 minime
1039 2071 1113 2137 lerri
1143 2080 1260 2154 potest.
1309 2073 1346 2135 ln

126 2178 254 2258 reliquis
278 2178 374 2242 codd.
401 2185 476 2258 post
497 2179 621 2249 πόλεως
644 2180 733 2243 artic.
759 2180 794 2242 τὸ
818 2181 919 2257 deest,
947 2181 1002 2261 qui
1026 2181 1053 2242 si
1078 2181 1117 2244 de
1141 2199 1236 2243 muro
1256 2179 1346 2242 urbis

127 2284 218 2348 Teiae
243 2291 395 2364 ageretur
414 2282 543 2371 (Stahl.)
564 2287 769 2350 necessarius
789 2293 890 2362 esset;
917 2288 974 2352 sed
999 2288 1128 2351 rectius·
1144 2287 1185 2350 de
1210 2287 1346 2350 castello

127 2393 264 2470 quodam
296 2389 365 2475 (cfr.
393 2411 421 2454 c.
448 2391 501 2465 29,
528 2392 558 2468 2,
591 2393 647 2456 ubi
672 2392 815 2457 Stahlius
845 2393 946 2457 verba
969 2394 1001 2456 ἐν
1024 2399 1060 2476 τῇ
1087 2393 1155 2475 Τέῳ
1179 2393 1345 2478 expungit)

126 2497 282 2562 intellexit
303 2499 497 2579 Kruegerus,
524 2505 560 2562 ut
582 2499 683 2564 verba
705 2507 759 2582 τῆς
785 2500 889 2582 Τηίων
911 2501 1035 2570 πόλεως
1058 2519 1076 2564 3
1101 2501 1267 2564 13339333
1292 2501 1346 2562 ad-

127 2605 255 2668 verbiali
283 2604 365 2686 ττρός
392 2607 521 2687 ἤπειρον
544 2608 718 2684 pendeant,
755 2605 794 2670 cf.
827 2607 930 2672 eiusd.
957 2609 1032 2671 adn.
1059 2609 1101 2671 ad
1125 2608 1162 2676 ΙΙ,
1189 2607 1242 2682 96,
1269 2607 1289 2668 4
1314 2611 1347 2669 31

127 2712 256 2774 omnino
281 2711 418 2792 Madvig.
446 2712 530 2776 bem.
558 2733 589 2776 u.
617 2733 644 2778 e.
671 2733 701 2794 p.
729 2715 757 2776 d.
784 2715 903 2796 griech.
930 2712 1034 2778 wortf.
1062 2734 1092 2794 p.
1120 2714 1162 2776 73
1187 2733 1258 2794 sqq.

215 2818 272 2889 lt,
297 2818 316 2880 2
346 2826 419 2898 post
442 2819 495 2889 τὰς
519 2821 613 2883 codd.
641 2827 769 2900 practer
793 2823 897 2885 93113.
923 2845 955 2884 τε
979 2821 1118 2896 addunt;
1151 2838 1254 2884 causa
1277 2837 1347 2898 par-

24 2929 28 2944 '
125 2923 239 2988 ticulae
274 2925 474 2989 omittendae
507 2945 547 2990 ca
579 2925 678 2991 fuisse
711 2928 847 2997 videtur.
887 2929 975 3008 quod
1009 2934 1083 3006 post
1114 2927 1238 3008 φθάσαι
1271 2927 1349 3004 poni

127 3029 248 3107 debuit;
284 3033 342 3094 sed
374 3034 522 3096 traiectio
557 3034 724 3098 lenissima
755 3041 814 3098 est.
849 3073 892 3080 -
926 3035 962 3097 ln
994 3034 1058 3097 fine
1092 3034 1208 3112 capitis
1241 3033 1345 3096 93113.

128 3144 275 3216 corrupte
299 3138 459 3220 ἐγεγένητο
482 3140 626 3218 praebet.

216 3244 273 3316 18,
298 3243 318 3306 2
346 3251 421 3324 post
447 3253 501 3310 τοῦ
528 3249 668 3329 πολέμου
692 3249 725 3310 13
750 3255 825 3313 3311.
852 3248 1017 3312 intercidit
1040 3248 1132 3310 artic.
1158 3252 1222 3319 τοῦ,
1251 3265 1349 3326 quem
1399 3259 1400 3262 ’

127 3359 210 3414 recte
244 3370 262 3415 e
296 3353 458 3431 scriptura
482 3354 584 3418 Vatic.
615 3354 686 3424 τοὺς
714 3357 829 3420 elicuit
858 3355 961 3421 Class.
991 3391 1030 3398 -
1053 3351 1119 3438 §3
1147 3353 1226 3416 κατὰ
1253 3359 1348 3415 ταῦτα

129 3457 220 3520 etiam
247 3458 350 3521 93113.
382 3460 523 3534 exhibet,
558 3481 623 3542 quo
655 3463 689 3524 in
722 3465 839 3528 codice
872 3462 998 3528 initium
1032 3461 1148 3541 capitis
1180 3460 1348 3540 sequentis

129 3561 206 3627 haec
230 3564 332 3628 verba
355 3564 488 3630 faciunt.
648 3547 652 3556 ¹

215 3671 272 3744 19,
300 3672 315 3734 1
343 3673 446 3736 9393.
476 3675 553 3755 μετὰ
582 3675 616 3739 δὲ
642 3683 741 3750 τοῦτο,
773 3683 849 3740 cett.
882 3695 948 3739 non
973 3676 1080 3738 minus
1104 3674 1288 3756 honepoul
1313 3675 1347 3738 δὲ

127 3783 216 3839 ταῦτα
239 3777 408 3858 praebent,
435 3786 466 3843 et
491 3779 547 3843 cfr.
575 3781 627 3858 22,
657 3784 672 3845 1
699 3789 732 3847 31
754 3784 849 3846 13333
873 3783 1055 3846 simillimus
1079 3781 1132 3853 59,
1161 3782 1189 3844 1.

213 3885 273 3958 20,
309 3886 323 3946 1
359 3903 418 3964 pro
450 3890 603 3971 ναυαρχία
632 3896 682 3952 331
708 3891 867 3971 ναυμαχία
891 3891 923 3952 13
949 3889 1066 3964 93113,
1103 3889 1158 3968 331
1190 3889 1346 3952 mendum

127 3990 206 4054 idem
232 3991 286 4066 33,
316 3993 349 4069 1;
376 3992 428 4067 39,
455 3993 490 4064 2;
517 3993 569 4070 85,
599 3996 614 4058 1
640 3996 749 4059 babet.

213 4099 257 4164 21
285 4099 440 4163 1393113.
467 4119 525 4179 pro
550 4103 694 4165 δυνατῶν
717 4103 873 4181 scriptum
898 4109 947 4168 est
971 4103 1233 4174 δυνατωτάτων,
1257 4102 1346 4182 quod

127 4201 240 4268 frustra
273 4205 416 4270 defendit
446 4206 650 4280 Classenius;
686 4208 886 4274 subridicule
919 4211 1006 4274 enim
1039 4216 1140 4290 putat,
1176 4215 1346 4274 sescentos

128 4309 170 4384 (ἐς
192 4313 370 4382 διακοσίους
391 4312 450 4394 μὲν
474 4316 756 4396 -τετρακοσίους
784 4315 831 4398 δὲ)
865 4323 990 4396 partem
1023 4317 1130 4380 solum
1162 4315 1345 4396 potentissi-

128 4433 250 4482 morum
283 4417 393 4494 fuisse,
430 4422 524 4500 quasi
557 4426 708 4502 potentes
736 4423 756 4484 i.
787 4441 815 4486 e.
851 4423 1024 4502 optimates
1057 4423 1167 4487 multis
1200 4421 1346 4502 partibus

127 4522 231 4600 plures
264 4524 392 4591 fuerint.
442 4527 634 4603 Positivum,
669 4547 736 4591 non
768 4529 1003 4608 superlativum
1037 4531 1135 4594 etiam
1168 4530 1191 4606 l,
1224 4528 1277 4604 24,
1308 4527 1344 4602 5;
