3244 5060
851 336 895 400 20

264 513 383 577 haere
408 521 505 577 extat.
531 551 575 560 —
594 513 765 594 Ὑποζύγια
789 514 841 577 hio
865 514 981 578 melius
1005 531 1104 594 quam
1127 512 1220 594 ζεύγη
1246 509 1378 597 (Vatia.)
1405 529 1483 576 con-

263 621 374 684 venire
410 626 499 684 recte
537 625 653 685 contra
690 619 792 684 Class
833 619 1067 684 demonstravit
1105 617 1262 690 Stahlius;
1307 618 1484 682 collocatio

266 726 414 790 Vaticani
442 727 607 790 ἀπωλώλει
633 727 732 804 πάντα
762 727 840 790 satis
867 726 1007 801 insolita,
1039 725 1096 790 sed
1125 723 1262 788 fortasse
1290 725 1396 804 aptior
1420 731 1481 788 est.

354 832 454 912 28,1
486 833 525 896 de
552 833 685 897 δάσσαιν
712 833 874 897 adiectivo
902 831 942 897 cl.
969 833 1044 896 adn.
1071 833 1111 896 ad
1135 831 1188 908 lV,
1217 832 1267 907 10,
1294 831 1325 894 2.
1351 867 1396 876 —
1417 828 1440 916 ξ
1463 831 1485 894 2

264 941 297 1003 in
327 939 430 1004 Vatic.
463 939 522 1022 (ἐφ’
551 939 670 1022 ὅπλοις)
697 965 770 1012 που,
797 941 831 1002 in
859 940 953 1004 laur.
983 939 1182 1020 πλοιούμενοι
1210 937 1254 1002 lit.
1278 939 1296 1001 λ
1319 956 1423 1014 erasa,
1449 939 1486 1000 in

264 1051 339 1110 cett.
368 1045 476 1131 (etiam
501 1046 604 1110 Vatic.
631 1045 690 1132 γρ.)
714 1047 896 1128 ποιούμενοι
919 1052 977 1110 est.
1000 1045 1062 1109 Vix
1085 1044 1290 1126 intellegitur,
1316 1044 1485 1125 quomodo

265 1153 327 1216 hae
358 1153 537 1232 scripturae
567 1153 601 1216 in
632 1153 704 1217 adv.
729 1177 792 1216 που
816 1153 953 1216 transire
981 1152 1155 1231 potuerint,
1188 1152 1276 1232 quod
1299 1169 1358 1232 pro
1382 1150 1486 1214 verbo

264 1259 453 1341 ποιούμενοι,
474 1260 578 1335 cuiuS,
602 1277 676 1323 oum
696 1278 713 1323 e
733 1260 846 1339 partic.
868 1259 1076 1340 φυλάσσοντες
1091 1257 1192 1320 subst.
1214 1258 1359 1340 φυλακὴν
1379 1257 1487 1322 audiri

267 1361 408 1450 (Bauer.)
429 1373 486 1429 aut
503 1366 559 1447 τὴν
576 1367 672 1430 νύκτα
692 1384 768 1429 oum
785 1366 967 1447 ποιούμενοι
984 1364 1073 1444 iungi
1094 1361 1277 1449 (Abresch.)
1295 1365 1348 1427 vix
1368 1364 1484 1444 possit,

265 1470 374 1534 nullus
398 1489 498 1535 sanus
522 1491 638 1536 sensus
663 1479 721 1548 est,
748 1477 937 1536 correctura
960 1469 1170 1534 substitutum
1194 1489 1267 1536 esse
1291 1471 1358 1536 veri
1381 1470 1487 1534 multo

265 1577 402 1640 similius
432 1584 497 1654 est;
532 1578 572 1642 de
604 1579 798 1642 stationibus
829 1578 995 1641 diversis
1025 1577 1059 1640 in
1090 1577 1170 1641 urbe
1201 1577 1282 1640 locis
1313 1577 1488 1640 collocatis

266 1683 388 1746 dictum
413 1702 484 1747 esse
508 1691 623 1763 putant
646 1684 748 1749 Class.
775 1693 807 1748 et
831 1683 944 1755 Stahl,
972 1684 1059 1764 quod
1083 1689 1215 1764 propter
1232 1683 1332 1747 verba
1349 1683 1430 1764 πρὸς
1448 1691 1489 1766 τῇ

265 1790 395 1862 ἐπάλξει,
419 1807 503 1869 quae
527 1791 591 1854 huc
612 1809 742 1872 quoque
762 1791 923 1871 pertinere
941 1789 1114 1854 verborum
1136 1790 1310 1854 collocatio
1330 1790 1485 1864 ostendit,

265 1896 319 1958 vix
342 1894 410 1959 fieri
433 1902 551 1976 potest.
600 1895 751 1961 Ceterum
775 1897 863 1977 quod
886 1897 1021 1961 verbum
1045 1897 1079 1959 in
1102 1896 1165 1959 illis
1185 1897 1353 1976 scripturis
1372 1897 1485 1972 lateat,

265 2003 454 2082 praesertim
483 2020 557 2066 oum
585 2003 745 2066 incertum
774 2004 824 2079 sit,
856 2009 964 2066 utrum
987 2004 1004 2066 λ
1027 2003 1072 2066 lit.
1098 2004 1133 2066 in
1157 2003 1251 2066 Laur.
1277 2003 1419 2083 genuina
1442 2021 1488 2066 an

265 2127 283 2172 e
307 2108 433 2190 syllaba
456 2110 664 2189 praecedenti
688 2111 791 2180 -πλοις
813 2110 1029 2190 dittographia
1051 2109 1142 2172 illata
1165 2110 1216 2184 sit,
1243 2127 1311 2172 non
1329 2109 1487 2189 expedio,

266 2215 449 2295 Kruegerus
469 2195 609 2279 coniecit
627 2217 838 2298 πονούμενοι,
862 2216 1158 2280 Rauchensteinius
1175 2216 1381 2297 πολούμενοι,
1406 2235 1487 2294 quo-

265 2340 337 2383 rum
366 2322 428 2385 hoc
457 2323 484 2384 si
511 2323 662 2386 usitatius
690 2329 776 2386 esset
802 2322 938 2387 verbum
969 2319 1037 2407 (cir.
1069 2319 1167 2408 lcxx.)
1197 2324 1299 2401 magis
1328 2322 1485 2402 placeret.

264 2464 308 2472 --
332 2426 367 2488 ln
390 2425 412 2511 ξ
435 2427 455 2490 3
482 2427 582 2491 Vatic.
610 2428 700 2494 solus
723 2436 776 2512 τῆς
795 2429 981 2512 Ἂδηναλαιν,
1006 2435 1081 2493 cett.
1107 2435 1171 2492 τῶν
1184 2428 1291 2511 Ἃιδην.
1310 2427 1487 2508 praebent;

266 2539 319 2615 τῆς
332 2537 395 2595 τῶν
405 2534 511 2616 Ἃιδην.
527 2533 625 2598 fuisse
641 2536 798 2615 suspicor.
815 2573 860 2582 -
872 2533 929 2620 ξύ
946 2535 1049 2600 Vatic.
1067 2534 1203 2599 fortasse
1218 2542 1306 2600 recte
1323 2559 1354 2598 τε
1369 2537 1485 2614 partic.

266 2645 341 2702 ante
363 2646 417 2722 τῆς
440 2639 600 2711 Δεκελείας
623 2641 766 2721 praebet,
794 2659 982 2723 quanquam
1006 2643 1033 2705 si
1057 2642 1150 2705 abest
1174 2660 1241 2705 non
1264 2641 1486 2718 desideratum

265 2745 375 2826 paullo
399 2744 482 2809 inira
505 2747 538 2809 in
562 2747 703 2811 eundem
727 2766 745 2811 e
769 2748 895 2811 scholio
918 2748 997 2810 κατὰ
1021 2767 1079 2827 pro
1102 2748 1166 2810 ύπδ
1191 2747 1310 2830 (τοῦτον
1332 2749 1386 2812 τδν
1408 2751 1487 2831 χρό-

264 2853 332 2934 νον)
356 2852 492 2932 irrepsit.

355 2958 455 3038 29,1
486 2960 520 3022 in
547 2960 652 3023 Vatic.
680 2959 814 3042 δύνηται,
842 2960 876 3022 in
905 2961 998 3023 Laur.
1030 2961 1183 3024 δύνωνται
1211 2960 1372 3036 scribitur,
1401 2981 1488 3042 quae

265 3061 388 3128 formae
412 3084 487 3128 cum
511 3063 683 3130 difficulter
705 3065 789 3130 inter
812 3085 847 3129 se
871 3068 1046 3146 permutari
1070 3074 1214 3146 possent,
1240 3086 1306 3131 una
1324 3085 1364 3131 ex
1384 3069 1489 3134 altera

267 3177 455 3234 correctura
478 3177 550 3235 orta
573 3191 645 3236 esse
669 3172 805 3235 videtur.
855 3171 918 3237 Sed
944 3174 1023 3236 nihil
1039 3191 1167 3254 ,causae
1192 3181 1269 3248 erat,
1297 3192 1356 3237 cur
1379 3175 1488 3256 singu-

266 3275 342 3338 laris
367 3276 494 3359 δύνηται
517 3279 572 3358 qui
596 3278 680 3343 benc
703 3279 744 3342 ad
766 3279 964 3359 Diitrephem
987 3279 1160 3345 referretur
1183 3281 1217 3343 in
1240 3280 1397 3364 pluralem
1417 3301 1488 3346 mu-

265 3387 403 3458 taretur;
434 3402 496 3446 scr.
523 3385 676 3448 δύνωνιαι
698 3386 795 3465 igitur
817 3404 875 3466 pro
899 3387 1041 3466 genuina
1063 3385 1215 3450 habenda
1238 3393 1296 3451 est.
1346 3387 1487 3453 Pluralis

266 3490 418 3554 universe
433 3491 473 3554 de
488 3489 660 3570 praesectis
675 3490 929 3556 Atheniensibus
949 3493 1005 3572 qui
1019 3493 1163 3567 Thraces
1183 3494 1346 3570 ducebant
1360 3496 1489 3574 positus

266 3601 325 3670 est,
352 3596 440 3678 quod
464 3615 531 3660 σοσ
554 3596 713 3662 intellexit
736 3603 911 3662 corrector.
956 3597 1003 3662 Cf.
1029 3600 1064 3675 V,
1085 3600 1116 3676 4,
1140 3599 1176 3662 5:
1202 3601 1233 3662 ot
1250 3599 1411 3683 Ἀθηναῖοι
1434 3602 1489 3666 τὸν

270 3700 395 3764 Φαίακα
417 3704 601 3786 πέμπουσιν,
629 3704 660 3766 εἴ
680 3725 751 3773 πως
779 3705 971 3774 πείσαντες
993 3705 1055 3767 κτλ.
1081 3743 1121 3750 ——
1144 3703 1167 3790 ξ
1190 3705 1209 3768 2
1234 3706 1339 3770 Vatic.
1365 3709 1489 3773 rectius

266 3809 298 3877 ἔς
319 3832 354 3871 τε
376 3809 431 3891 τὴν
457 3809 527 3874 Ταν.
552 3809 700 3889 praebet;
733 3811 821 3890 quod
848 3811 883 3872 in
906 3811 1022 3874 eodem
1046 3812 1233 3883 διαπλεύσας
1255 3815 1412 3894 scripturn
1438 3823 1488 3879 est

269 3912 313 3996 (in
336 3938 382 3996 γρ.
407 3921 457 3980 est
480 3917 645 3988 διέπλευσε,
669 3923 704 3979 ut
727 3917 758 3979 in
784 3915 886 4002 cett),
918 3923 1139 3982 correcturam
1164 3919 1300 3984 subesse
1324 3922 1485 4000 suspicor.

266 4057 308 4066 —
332 4021 367 4084 In
390 4019 413 4106 ξ
435 4021 455 4085 3
481 4023 574 4085 Laur.
602 4021 647 4108 (et
671 4023 775 4088 Vatic.
802 4020 860 4108 γρ.)
890 4025 1044 4106 ηὐλίζετο,
1073 4026 1177 4088 Vatic.
1209 4027 1368 4108 ηὐλίσατο
1396 4045 1487 4106 prae·

266 4126 335 4199 bet;
361 4128 424 4191 hoc
449 4129 568 4192 collato
589 4129 641 4204 lV,
663 4129 716 4205 45,
742 4131 757 4193 1
783 4132 905 4210 recepit
925 4129 1079 4207 Stahlius,
1106 4133 1163 4195 sed
1187 4131 1312 4212 imperf.
1339 4151 1406 4197 σοσ
1430 4136 1488 4198 mi·
1556 4179 1561 4190 ·

267 4251 328 4297 nus
362 4236 525 4308 convenit,
561 4235 601 4299 cl.
637 4235 710 4319 ἦγεν
743 4243 775 4300 θλ
805 4239 993 4320 προσέκειτο.
1040 4237 1087 4302 De
1114 4238 1226 4302 λαύὼν
1254 4257 1329 4302 cum
1358 4240 1485 4320 imperf.

267 4341 444 4420 coniuncto
472 4339 513 4406 cf.
541 4341 578 4418 V,
604 4341 657 4419 58,
684 4343 715 4406 2.
742 4343 820 4406 Post
847 4346 924 4426 ούσῃ
954 4345 1058 4408 Vatic.
1089 4345 1179 4408 solus
1203 4346 1241 4408 od
1265 4347 1417 4410 servavit.
1445 4385 1489 4394 -

267 4447 368 4514 Recte
383 4449 417 4512 in
432 4448 482 4512 ed.
500 4448 554 4512 alt.
573 4447 716 4512 Stahlius
731 4451 922 4530 scripturam
939 4451 1148 4515 Laurentiani
1161 4475 1226 4514 τινα
1236 4489 1280 4498 -
1289 4453 1489 4535 ἑπαναβάντα

269 4550 384 4638 (Vatia.
401 4579 540 4626 τινας-
554 4553 779 4640 ἐπαναβάντας)
804 4557 952 4632 restituit,
979 4557 1067 4637 quod
1091 4557 1240 4637 exempla
1258 4557 1391 4638 pluralis
1412 4561 1490 4633 τινὲς
