3244 5060
824 335 867 400 24

202 573 205 578 .
238 512 381 577 Stahlius
412 514 678 594 interpretatione
711 513 841 577 Vallac:
880 530 917 577 sc
954 509 1110 576 monime
1143 507 1339 592 superiores
1366 503 1457 592 sora

237 620 356 683 collata
378 622 590 702 captapulum
613 621 751 699 scripsit,
778 620 835 683 scd
858 619 885 682 is
909 620 1011 700 magis
1035 637 1053 682 e
1076 636 1191 698 parum
1215 626 1370 680 accurata
1391 615 1457 679 loci

236 726 454 808 intellegentia
477 744 575 806 quam
599 743 640 789 ex
664 726 786 789 codicis
810 726 946 790 alicuius
970 725 1130 805 scriptura
1156 724 1293 788 vertisse
1316 722 1454 785 videtur.

241 829 397 916 [Gertzius
429 833 568 896 πλεῖστον
591 832 650 914 γὰρ
673 833 706 896 ἐν
729 834 816 914 ἀὐτῷ
843 833 1006 914 ἰσχύσειν
1038 829 1181 915 conicit]
1207 867 1251 876 -
1273 827 1339 914 §6
1369 828 1457 892 male

238 937 342 1001 Vatic.
366 937 443 1021 (καί)
464 940 564 1001 πάντα
584 939 728 1015 exhibet3
754 940 788 1002 in
808 939 902 1003 Laur.
924 945 997 1018 post
1015 938 1128 1020 λιμένα
1148 937 1293 1019 syllabae
1312 941 1365 1017 τῆς
1379 920 1457 996 ἀνα-

238 1044 438 1108 exciderunt.

328 1149 388 1230 37,
414 1151 430 1213 1
457 1151 622 1231 vulgatum
644 1157 767 1215 τοιαῦτα
787 1151 964 1231 scripturae
984 1151 1133 1214 Vaticani
1150 1156 1244 1212 ταῦτα
1263 1155 1351 1213 recte
1366 1166 1458 1227 prae-

238 1257 311 1319 tulit
336 1255 489 1333 Stahlius,
521 1258 609 1338 quod
637 1257 796 1321 difficilius
824 1258 903 1321 illud
931 1276 972 1322 ex
999 1258 1062 1321 hoc
1086 1256 1155 1320 fieri
1178 1263 1299 1336 posset.
1329 1291 1366 1300 α
1391 1252 1414 1339 ξ
1438 1253 1459 1317 2

239 1368 319 1426 extr.
339 1363 440 1426 VatIc.
459 1364 549 1427 solus
568 1365 763 1437 ἕπεξέπλεον
781 1357 920 1439 exhibet,
946 1364 1034 1444 quod
1054 1361 1191 1426 fortasse
1210 1359 1461 1442 praeferendum

239 1474 297 1545 est,
325 1467 365 1532 cf.
394 1469 472 1544 VIII,
499 1469 551 1546 20,
580 1470 595 1532 1
624 1467 771 1554 (verbum
796 1470 888 1534 ¹enim
915 1471 1021 1550 Ipsum
1045 1487 1208 1550 nusquam
1236 1468 1312 1531 alibi
1339 1463 1458 1550 extat);

241 1573 281 1637 cf.
307 1575 473 1638 tamenin
498 1576 613 1639 eodem
638 1594 666 1638 c.
693 1576 746 1660 26,
772 1575 808 1640 3:
831 1571 1036 1658 ’ἐπιπαρέπλει
1063 1581 1096 1639 et
1122 1594 1151 1639 c.
1178 1575 1231 1651 34,
1258 1575 1294 1637 2:
1323 1596 1460 1655 προανε-

239 1682 375 1763 χούσαις.
399 1717 442 1726 -—
466 1683 501 1744 In
524 1679 546 1766 ξ
569 1681 589 1745 3
614 1682 708 1745 Laur.
735 1688 809 1762 post
837 1684 868 1745 οί
895 1683 929 1746 δὲ
956 1683 1041 1746 male
1069 1683 1159 1745 addit
1176 1682 1346 1764 Ἀθηναῖοι,
1370 1681 1461 1761 quod

241 1788 390 1851 scholion
413 1787 446 1850 in
471 1789 572 1852 Vatic.
599 1788 797 1868 adscriptum
821 1797 880 1853 est.
929 1787 1014 1853 Infra
1038 1789 1123 1852 Laur
1158 1793 1234 1852 ante
1261 1793 1324 1850 τῶν
1351 1787 1461 1868 Σαρα-

240 1894 358 1957 κοσίαιν
380 1894 552 1958 articulum
575 1896 608 1956 αἱ
631 1896 779 1978 servavit,
807 1897 862 1976 qui
885 1896 919 1958 in
942 1895 1059 1960 ceteris
1082 1903 1156 1975 post
1179 1895 1232 1958 καί
1254 1893 1426 1958 intercidit.

331 2000 433 2080 38,1
464 2007 539 2065 ante
569 2001 762 2083 Συρακόσιοι
792 2003 895 2066 Vatic.
929 2002 1045 2067 melius
1076 2003 1106 2064 αἱ
1135 2001 1233 2064 addit.
1266 2036 1307 2046 -
1330 1997 1394 2084 §2
1426 2000 1463 2062 in

242 2109 336 2170 Laur.
367 2113 417 2171 est
444 2107 592 2170 ἀντίπαλα
619 2115 673 2190 τῆς
701 2110 877 2191 ναυμαχίας
908 2109 1068 2191 γενόμενα,
1102 2115 1133 2172 et
1166 2125 1355 2188 quanquam
1387 2111 1464 2186 post

242 2215 295 2276 -λα
319 2214 475 2277 artIculus
497 2214 534 2276 τὰ
558 2215 636 2278 satis
660 2213 755 2278 facile
778 2205 970 2280 inteiaidere
999 2219 1135 2294 poterat,
1162 2215 1274 2277 dubito
1303 2231 1346 2276 an
1373 2219 1464 2278 recte

243 2320 288 2383 ita
321 2320 460 2384 omissus
489 2322 540 2398 sit,
570 2327 606 2385 ut
633 2328 784 2386 neutrum
816 2322 964 2384 ἀντίπαλα
992 2339 1050 2400 pro
1079 2320 1282 2384 substantivo
1316 2315 1465 2399 (uixdum

245 2422 446 2509 aequalitas
470 2427 646 2510 ῑσορροπία)
671 2428 812 2507 positum
836 2429 887 2504 sii,
910 2428 991 2490 sicut
1012 2446 1087 2490 cum
1107 2426 1182 2490 εἶναι
1200 2425 1301 2490 verbo
1315 2425 1466 2488 iunctum

244 2533 282 2609 V,
309 2533 339 2608 8,
366 2533 385 2595 2
415 2531 483 2618 (ubi
510 2532 550 2596 cf.
582 2535 692 2598 adnot.
720 2531 844 2619 Stahlii)
874 2534 1015 2614 positum
1043 2541 1102 2610 est,
1133 2531 1174 2596 cf.
1205 2533 1257 2608 IV,
1287 2533 1359 2608 117,
1386 2531 1406 2594 2
1432 2539 1466 2597 at

244 2640 310 2716 Vll,
339 2639 389 2716 13,
416 2639 447 2702 2.

334 2747 394 2827 39,
424 2747 440 2809 1
472 2747 635 2829 πρῴτερον
667 2747 700 2808 in
734 2746 827 2808 Laur.
863 2746 982 2808 mendo
1011 2745 1222 2809 usitatissimo
1251 2745 1283 2807 in
1310 2746 1466 2826 πρότερον

244 2861 432 2935 corruptum
465 2860 528 2929 est;
563 2853 594 2915 in
620 2851 724 2914 Vallo.
751 2850 900 2914 scholion
928 2855 947 2933 ἢ
975 2851 1009 2914 τὸ
1037 2851 1190 2932 πρότερον
1217 2851 1250 2914 in
1274 2857 1466 2916 contextum

243 2969 411 3042 receptum
440 2966 498 3026 est.
524 2996 565 3004 —
590 2959 625 3021 In
652 2954 675 3042 ξ
698 2957 717 3019 2
746 2957 867 3020 rectius
890 2958 994 3021 Vatic.
1021 2958 1079 3020 ἐπὶ
1101 2957 1156 3040 τὴν
1178 2959 1342 3022 θάλασσαν
1364 2975 1466 3038 quam

245 3069 339 3132 laur.
365 3066 464 3148 παρὰ
486 3065 542 3148 τὴν
564 3065 636 3128 dull.
660 3063 803 3144 praebet,
830 3064 892 3128 nisi
910 3054 991 3128 forte
1005 3068 1152 3146 praeter
1170 3081 1273 3126 arom
1293 3060 1362 3148 (cfr.
1380 3055 1467 3128 infra

244 3174 330 3256 παρὰ
353 3173 407 3242 τὰς
430 3169 517 3257 ναῦς)
542 3173 625 3235 verti
649 3171 738 3246 licet;
764 3170 821 3234 sed
844 3172 1139 3253 μεταναστήσαντας,
1168 3170 1256 3250 quod
1284 3171 1316 3232 in
1346 3171 1466 3235 eodem

246 3285 304 3354 est,
339 3283 469 3358 propter
501 3270 648 3358 praepos
683 3278 758 3340 ἀνα-
786 3295 853 3340 non
881 3275 955 3340 ferri
988 3283 1104 3358 potest,
1131 3274 1171 3340 cf.
1198 3277 1309 3340 adnot.
1336 3277 1463 3341 Stahlii.

247 3385 361 3450 Utrum
374 3382 696 3467 μετα[να]σιήσανιας
712 3420 752 3430 -
766 3385 893 3466 κομίσαι
908 3381 1039 3469 (Vatia.)
1056 3401 1098 3447 an
1111 3389 1296 3465 μειαστῆσαι
1314 3384 1466 3464 κομίσαν-

245 3515 299 3561 ιας
315 3487 435 3576 (baur.)
460 3496 611 3570 praestet,
638 3489 766 3554 difficile
790 3490 877 3553 dictu
902 3496 965 3566 est;
992 3491 1032 3554 de
1056 3490 1168 3569 partic.
1196 3506 1269 3554 aar.
1296 3488 1336 3553 cl.
1354 3490 1462 3554 Madv.

247 3603 330 3679 synt.
356 3616 401 3678 gr.
426 3595 448 3682 ξ
474 3597 535 3660 183
564 3597 638 3660 adn.
665 3596 696 3658 2.
745 3596 859 3660 Paullo
888 3594 971 3659 inira
998 3595 1076 3659 nihil
1105 3602 1155 3660 est
1183 3615 1241 3659 cur
1268 3597 1466 3679 ἀριστοποιή-

246 3727 359 3766 σανιαι
388 3703 579 3781 scribamus,
613 3722 689 3767 cum
719 3708 752 3767 et
776 3703 870 3765 Laur.
896 3708 929 3766 et
951 3703 1055 3766 Vatic.
1090 3725 1199 3765 -αινιαι
1229 3702 1401 3766 exhibeant
1433 3709 1467 3768 et

248 3815 404 3890 sequatur
426 3812 619 3893 ἐπιχειρῶσιν
645 3807 697 3894 (cf.
725 3808 839 3873 Stablii
861 3827 915 3889 qu.
941 3827 986 3888 gr.
1013 3827 1043 3888 p.
1071 3806 1141 3892 26);
1177 3817 1321 3873 ceterum
1344 3809 1377 3871 in
1401 3809 1466 3874 hoc

247 3916 321 3980 ¹eod.
348 3922 397 3980 est
420 3917 543 3998 ἄριστον
565 3918 762 3999 ποιήσωνται,
786 3913 858 3979 fort.
885 3915 925 3978 ad
949 3916 1073 3997 ἄριστον
1095 3916 1255 3980 ἐποιοῦντο
1281 3912 1321 4000 (0.
1347 3915 1401 3992 40,
1435 3914 1465 4002 l)

248 4023 542 4087 accommodatum.
1183 4034 1186 4040 ’

338 4129 398 4210 40,
418 4128 438 4192 5
458 4131 570 4209 partic.
591 4155 622 4193 ιε
640 4147 739 4210 quam
758 4135 790 4194 et
805 4129 899 4192 Laur.
917 4133 949 4192 et
963 4128 1068 4192 VatIc.
1090 4135 1165 4193 ante
1183 4129 1291 4192 ναυσίν
1308 4128 1469 4210 praebent

248 4255 307 4318 per
320 4237 563 4301 anacolutbiam
578 4236 755 4317 particulae
774 4235 828 4298 καί
847 4241 922 4298 ante
941 4237 972 4298 σί
989 4234 1052 4298 ἀπὸ
1070 4235 1132 4298 κτλ.
1152 4235 1276 4315 positae
1290 4237 1468 4315 respondet
1560 4239 1565 4250 “

251 4340 303 4428 (cf.
331 4343 451 4424 Saupp.
478 4362 528 4424 ep.
555 4344 625 4407 crit.
652 4363 682 4423 p.
710 4339 780 4427 86);
813 4341 956 4406 Stahlius
984 4359 1057 4406 eam
1085 4342 1247 4422 expungit,
1278 4342 1365 4422 quod
1391 4343 1468 4406 huic

249 4452 362 4530 partic.
395 4451 448 4514 καί
476 4455 552 4514 ante
578 4449 777 4528 anteposita
803 4448 1010 4527 respondeat,
1041 4447 1098 4511 sed
1131 4448 1193 4510 hac
1225 4448 1327 4511 multo
1360 4449 1469 4528 aptius

250 4556 413 4638 δεξάμενοι
435 4575 511 4622 cum
533 4557 573 4619 iis
596 4573 680 4636 quae
704 4562 886 4634 sequuntur
909 4553 1124 4632 coniungitur.
