3262 5052
745 321 807 386 145

145 503 240 590 'satis
265 500 361 564 facile
387 503 503 564 mutari
527 505 663 579 poterat.
686 536 729 545 —
753 497 839 562 Infra
862 499 989 574 melius,
1016 500 1143 590 opinor,
1170 501 1205 562 in
1228 500 1323 565 Laur.
1350 501 1390 564 τὰ

163 607 282 670 barrio
315 606 468 670 scribitur
501 603 554 690 (cf.
582 607 634 681 78,
661 604 705 691 3),
742 624 817 668 cum
850 605 913 669 hoc
947 606 1022 670 loco
1055 607 1175 669 trovato
1209 624 1267 686 pro
1298 625 1389 687 prae-

162 715 324 793 positione
355 709 550 797 (odoersua
577 711 618 776 cf.
645 712 668 787 I,
695 712 748 786 29,
778 713 811 787 1;
838 711 888 786 ΙΙΙ,
915 697 968 788 55,
995 711 1028 798 3)
1058 712 1172 776 haberi
1195 713 1250 775 vix
1273 715 1387 794 possit.

255 820 338 898 133,
363 819 394 883 3.
421 820 471 882 ὅτε
494 820 673 903 ἐπεφεύγει]
697 818 1052 899 plusquamperfectum
1077 819 1130 882 vix
1155 819 1278 884 servari
1296 819 1387 893 licet;

162 928 320 1009 ἀπέφευγε
343 927 395 991 vel
419 927 527 1006 potius
551 927 721 1008 ἀπέφυγε
745 925 956 989 scribendum
979 933 1058 1010 est.¹

250 1459 330 1522 Mihi
354 1459 417 1521 boc
442 1457 601 1537 opusculo
624 1456 665 1520 ad
686 1455 783 1521 finem
802 1456 867 1520 iam
887 1457 1030 1521 deducto
1051 1477 1151 1520 uuum
1171 1459 1391 1538 gratissimum

163 1573 276 1641 restat,
318 1571 354 1627 ut
386 1565 426 1627 M.
463 1563 510 1628 Cl.
546 1563 702 1627 Gertzio
741 1569 773 1626 et
806 1560 843 1626 Ο.
880 1561 1082 1644 Siesbye0.
1123 1565 1391 1645 praeceptoribus

165 1672 381 1746 amicissimis,
412 1689 551 1751 quorum
576 1689 652 1732 oum
677 1669 815 1734 consilio
839 1675 907 1732 tum
933 1687 1033 1749 opera
1057 1672 1090 1734 in
1114 1688 1154 1734 eo
1178 1672 1391 1751 perpoliendo

164 1797 243 1841 usus
276 1778 347 1852 sim,
383 1779 502 1857 gratias
536 1776 735 1856 persolvam;
772 1794 856 1856 quae
890 1783 999 1841 autem
1034 1778 1228 1841 auctoritate
1260 1778 1391 1842 illorum

165 1886 314 1965 neglecta
337 1884 415 1946 talia
438 1883 548 1963 qualia
572 1883 766 1963 scripseram
791 1883 918 1963 reliqui,
954 1901 994 1948 ea
1027 1891 1061 1947 ut
1094 1883 1273 1964 imperitiae
1297 1902 1391 1948 meae

166 1993 271 2071 potius
291 2009 391 2070 quam
410 1990 582 2070 superbiae
602 1991 802 2069 imputentur
821 2007 956 2069 quaeso.
997 1991 1111 2070 Neque
1132 1988 1240 2054 facere
1256 2009 1392 2070 possum

167 2098 242 2177 quin
266 2098 458 2160 memoriam
484 2097 665 2177 Madvigii
689 2097 799 2159 animo
823 2101 915 2176 grato
939 2103 1124 2170 retractem,
1155 2113 1221 2176 quo
1246 2096 1326 2158 mibi
1350 2095 1392 2158 ad

167 2205 272 2267 studia
305 2203 487 2292 excolenda
520 2203 673 2282 magistro
706 2221 765 2283 per
796 2207 938 2266 aetatem
971 2203 1085 2282 paucis
1118 2201 1229 2276 annis,
1265 2199 1392 2265 fautore

166 2328 241 2373 vero
270 2309 582 2374 benevolentissimo
606 2327 711 2389 usquc
735 2308 776 2372 ad
800 2309 950 2372 ultimum
973 2310 1060 2372 vitae
1084 2307 1220 2388 gradum
1244 2307 1290 2370 uti
1314 2326 1391 2370 con·

166 2417 246 2496 rigia
273 2435 339 2497 quo
364 2417 391 2478 si
415 2416 485 2479 viro
509 2416 573 2479 hoc
597 2416 761 2498 ἀγώνισμα
786 2416 818 2486 ἐς
835 2414 870 2478 τὸ
893 2421 1091 2498 παραχρῆμα
1111 2413 1222 2492 aliqua
1241 2432 1282 2477 ex
1301 2419 1392 2494 parte

167 2522 296 2603 dignum
321 2541 395 2588 esse
418 2521 590 2594 videbitur,
617 2522 697 2586 satis
721 2521 861 2587 habebo.
